3360 5310
702 283 920 353 ..45..

164 442 266 513 tivum
300 448 462 514 omiititur
494 446 635 515 locorum
668 447 734 515 huc
762 450 994 534 pertinentium
1024 472 1064 515 no
1092 469 1155 515 uno
1184 448 1312 535 quidem
1341 448 1409 534 ubi,
1438 448 1464 515 si

165 576 293 621 sensum
317 553 368 642 (ut
386 555 461 641 VII,
476 556 527 639 24,
553 553 630 643 172)
660 558 709 620 vel
741 561 936 621 structuram
965 555 1015 642 (ut
1037 556 1080 642 ΙΙ,
1102 555 1180 644 135)
1214 559 1393 624 sententiae
1420 580 1466 622 re-

166 663 322 748 spexeris,
345 663 525 747 exspectari
547 663 660 747 possit.

253 769 313 835 His
336 770 370 834 in
393 769 562 835 sententiis
586 770 756 835 adhibetur
779 771 969 836 indicativus

258 896 285 959 1.
309 895 347 959 de
370 916 403 959 re
427 917 509 979 quac
532 895 620 960 facta
643 917 712 960 esse
736 896 950 979 praedicatur.
973 894 997 978 Ι,
1019 896 1081 960 163
1105 891 1211 983 τούτῳ
1235 892 1276 979 δη
1301 896 1346 985 τῷ
1366 893 1465 980 ἀνδρὶ

165 999 362 1086 προσφιλέες
386 1002 421 1066 οί
440 999 605 1078 Φωκαιέες
624 996 711 1066 οὕτω
731 998 772 1085 δή
792 1027 823 1066 τι
843 1001 1009 1085 ἐγένοντο,
1030 995 1074 1077 ὡς
1092 996 1131 1065 τδι
1151 998 1213 1084 μὲν
1231 1000 1344 1088 πρῶτοί
1364 1019 1466 1083 σφεας

165 1106 356 1184 ἐκλιπόντας
367 1103 498 1192 Ἰωνίην
513 1105 640 1173 ἐκέλευε
663 1111 721 1194 τῆς
744 1107 870 1175 ἑωυτοῦ
893 1105 1002 1195 χω’ρης
1026 1110 1158 1193 οίκησαι
1177 1103 1260 1174 όκου
1278 1105 1466 1192 βούλονται.

254 1216 388 1298 11‚135.
422 1210 508 1281 οὕτω
537 1212 579 1299 δή
603 1239 633 1281 τι
660 1211 772 1300 κλεινὴ
803 1215 931 1298 ἐγένετο
960 1211 1010 1292 ὡς’
1028 1213 1082 1279 καὶ
1113 1216 1147 1279 οί
1170 1212 1290 1294 πάντες
1308 1210 1467 1300 Ἕλληνες

162 1318 343 1399 Ῥοδώπιος
365 1319 403 1388 τὸ
427 1317 557 1407 οὕνομα
581 1321 754 1406 ἐξέμαθον.

254 1429 313 1515 111,
335 1426 438 1515 1301)
471 1423 600 1494 αὐτέων
624 1427 832 1513 ἑκάστη...
852 1428 1009 1513 ἐδωρέετο
1033 1425 1235 1515 Δημοκήδεα
1259 1424 1346 1495 οὕτω
1371 1431 1412 1514 δή
1434 1453 1466 1494 τι

168 1535 299 1615 δαψιλέι
332 1537 440 1621 δωρεῇ
478 1530 523 1613 ὡς
558 1531 636 1612 τοὺς
663 1531 909 1610 ἀποπίπτοντας
943 1529 1007 1599 ἀπὸ
1035 1536 1103 1600 τῶν
1130 1533 1278 1619 φιαλέων
1306 1537 1467 1620 στατῆρας

169 1640 328 1728 ἑπόμενος
343 1639 360 1708 ὁ
377 1641 505 1727 οἰκέτης
519 1639 691 1725 ἀνελέγετο
706 1644 765 1706 καί
776 1642 811 1707 οί
822 1643 931 1726 χρημα
946 1639 1071 1707 πολλόν
1085 1666 1117 1707 τι
1130 1649 1258 1725 χρυσοῦ
1272 1641 1466 1727 συνελέχθη.

256 1750 329 1834 Vll,
354 1752 404 1814 11.
435 1749 676 1833 κατεστρέψατο
701 1744 787 1814 οὕτω
812 1745 856 1825 ως
878 1747 933 1813 καί
958 1749 990 1825 ἐς
1013 1745 1090 1814 τόδε
1113 1744 1212 1814 αὐτοί
1231 1772 1265 1814 τε
1284 1743 1465 1832 ὥνθρωποι

167 1856 222 1922 καὶ
245 1853 265 1942 ἡ
289 1859 331 1941 γη
355 1851 466 1922 αὐτῶν
491 1854 658 1940 έπιόνυμοι
680 1865 741 1922 τοῦ
765 1856 1078 1941 καταστρεψαμένου
1100 1856 1283 1922 καλέονται.

254 1964 344 2047 VIII,
362 1964 415 2030 56.
447 1967 478 2040 ἐς
505 1966 667 2029 τοσοῦτον
694 1960 850 2047 θόρυβον
879 1959 1039 2029 ἀπίκοντο
1063 1958 1107 2041 ὡς
1130 1966 1214 2028 ένιοι
1237 1970 1305 2028 τῶν
1329 1979 1467 2049 στρατη-

167 2072 238 2155 γῶν
263 2065 342 2137 οὐδὲ
365 2072 562 2154 κυρωθῆναι
586 2073 704 2154 έμενον
728 2067 765 2136 τὸ
788 2074 1007 2154 προκείμενον
1030 2072 1175 2155 πρῆγμα,
1199 2065 1271 2135 ἀλλ’
1298 2071 1331 2145 ές
1352 2092 1388 2134 τε
1411 2065 1470 2146 τὰς

170 2177 249 2254 νέας
272 2177 445 2243 ἐσέπιπτον
467 2177 523 2242 καὶ
547 2179 636 2243 ίστία
660 2173 812 2263 ἀείροντο
838 2173 883 2254 ὡς
905 2174 1185 2262 ἀποθευσόμενοι.

257 2286 307 2351 99.
351 2280 371 2369 ἡ
406 2282 467 2369 μέν
505 2281 546 2369 δη
584 2281 696 2368 πρώτη
733 2285 766 2361 ές
803 2287 921 2350 Σοῦσα
959 2281 1093 2369 ἀγγελίη
1135 2280 1317 2368 ἀπικομένη
1356 2285 1469 2369 ἔτερψε

170 2386 256 2457 οὕτω
286 2388 382 2475 δήτι
407 2391 565 2475 Περσέων
593 2389 672 2468 τοὺς
698 2387 966 2476 ὑπολειφθέντας
994 2387 1039 2468 ὡς
1062 2389 1120 2468 τάς
1143 2416 1177 2457 τε
1201 2386 1301 2467 ὁδοὺς
1324 2393 1468 2474 μυρσίνη

170 2497 276 2576 πόσας
300 2495 478 2585 ἐστόρεσαν
500 2498 557 2564 καὶ
581 2499 730 2581 ἐθυμίων
754 2497 948 2583 θυμιήματα
972 2497 1027 2562 καί
1051 2493 1146 2562 αὐτοὶ
1169 2487 1257 2581 ἦσαν
1276 2498 1312 2563 έν
1331 2498 1473 2582 θυσίησί

170 2629 204 2671 τε
230 2605 285 2671 καλ
314 2601 518 2692 εόπαθείησι.
556 2605 679 2671 Eodem
707 2607 802 2672 modo
829 2609 1002 2690 usurpatur
1025 2597 1107 2670 ὥστε
1135 2627 1207 2670 cum
1235 2605 1408 2669 indicativo
1436 2605 1470 2667 in

170 2715 328 2779 sententia
351 2736 432 2799 quae
455 2715 607 2798 sequitur.

259 2859 288 2923 2.
317 2858 354 2922 de
384 2879 417 2921 re
440 2879 505 2921 non
528 2856 628 2939 facta3
658 2857 712 2920 sed
737 2855 881 2938 profecto
905 2855 946 2919 ob
971 2875 1042 2919 cam
1066 2874 1196 2917 causam
1220 2854 1360 2938 quodid
1385 2854 1469 2938 quod

170 2963 330 3028 affirmare
360 2965 497 3047 scriptor
526 2965 595 3028 vult
622 2963 783 3028 sententia
806 2963 988 3028 continetur
1012 2957 1249 3045 consecutivae
1282 2960 1390 3026 1199.
1415 2959 1470 3025 καὶ

167 3066 256 3135 τάπὸ
279 3069 401 3137 τούτου
426 3065 485 3134 οὐκ
509 3064 596 3135 οὕτω
619 3068 702 3154 μέγα
726 3073 760 3134 τί
781 3071 816 3135 oi
837 3066 955 3144 δόσεις
979 3062 1024 3144 ὥς
1046 3091 1104 3150 μιν
1128 3063 1283 3152 λάμψεαι.

257 3177 440 3242 Infinitivus
471 3182 643 3260 usurpatur
668 3173 702 3262 1)
730 3180 805 3259 post
835 3174 1031 3239 sententiam
1061 3175 1248 3258 primariam
1277 3174 1472 3258 negativam.

168 3283 210 3368 ll,
233 3284 296 3348 135
324 3279 448 3367 μεγάλα
477 3280 634 3366 ἐκτήσατο
662 3279 812 3367 χρήματα
842 3276 886 3358 ὡς
914 3274 956 3345 ἀν
985 3275 1071 3345 εἶναι
1090 3275 1269 3363 Ῥοδῶπιν,
1298 3275 1380 3364 ἀτάρ
1409 3275 1470 3345 οὐκ

169 3385 213 3468 ὥς
235 3413 272 3473 γε
296 3389 329 3467 ἐς
350 3391 522 3474 πυραμίδα
545 3385 703 3472 τοιαύτην
724 3388 900 3467 ἐξικέσθαι.
947 3386 1018 3452 Ηοο
1037 3388 1075 3452 de
1095 3388 1164 3452 loco
1188 3410 1284 3471 supra
1308 3384 1397 3473 (pag.
1412 3383 1470 3472 39)

169 3498 244 3562 dixi.
289 3497 350 3581 III,
370 3497 433 3561 146
462 3491 605 3580 ὑπέλαβε
633 3490 693 3560 τόν
720 3492 822 3578 λόγον
853 3491 914 3559 οὐκ
942 3495 975 3571 ἐς
1001 3495 1100 3560 τοῦτο
1129 3489 1325 3578 ἀφροσύνης
1352 3490 1471 3559 ἀπικό-

170 3628 269 3688 μενος
293 3599 337 3681 ὡς
361 3600 456 3681 δόξαι
479 3601 539 3687 την
564 3601 690 3667 ἑωυτοῦ
717 3599 863 3685 δύναμιν
886 3601 1098 3684 περιέσεσθαι
1121 3602 1180 3684 της
1201 3601 1364 3684 βασιλέος.
1410 3601 1470 3667 His

172 3712 295 3777 duobus
320 3711 408 3791 locis,
432 3732 504 3775 cum
525 3710 685 3774 sententia
702 3710 858 3793 primaria
876 3708 1030 3792 negativa
1049 3708 1100 3790 sit,
1124 3709 1325 3773 enuntiatum
1344 3730 1470 3793 quoquc

170 3818 392 3884 secundarium
415 3818 600 3902 negativam
625 3816 893 3902 significationem
918 3816 1062 3899 acquirIt.

259 3958 294 4048 2)
315 3960 355 4025 ob
370 3961 534 4026 notionem
550 3958 686 4043 consilii,
700 3979 781 4042 quae
800 3980 872 4023 cum
888 3957 1018 4022 notione
1037 3958 1270 4022 consecutionis
1290 3958 1470 4022 sententiae

172 4191 313 4246 secutivae
331 4189 486 4245 sententiae
506 4190 616 4259 proprie
636 4190 699 4242 sunt
719 4186 947 4257 comparativae)
986 4184 1188 4253 Gildcrsleevc‚
1208 4186 1268 4240 The
1288 4186 1470 4244 Consecutive

172 4279 308 4334 sentence
327 4278 357 4333 in
375 4277 473 4345 Greek,
492 4277 639 4331 American
657 4277 773 4330 Journal
788 4276 820 4329 of
832 4275 987 4344 Philology.
1011 4274 1073 4329 Vol.
1091 4275 1150 4342 VH,
1170 4292 1195 4343 p.
1213 4281 1276 4329 167:
1298 4275 1380 4330 ‘Thai
1400 4271 1469 4331 ὥστε

170 4368 195 4421 is
213 4386 230 4423 a
249 4366 439 4437 comparative
457 4366 585 4436 paruolo,
603 4364 683 4420 there
702 4381 754 4419 can
772 4365 807 4417 bc
825 4381 862 4418 no
882 4364 987 4419 doubt'
1026 4361 1079 4418 δίε.
1100 4363 1185 4417 etiam
1206 4362 1319 4418 Kithner
1337 4370 1352 4429 5
1367 4370 1427 4419 583.

263 4459 289 4527 1)
308 4458 368 4512 Ηοο
387 4456 544 4525 exemplum
569 4471 632 4508 cum
651 4453 710 4520 VII,
732 4459 780 4507 172
801 4455 829 4507 et
848 4451 922 4520 VIII,
943 4459 976 4507 56
1000 4452 1170 4506 Itudloffium
1194 4451 1422 4522 (Observationes
1440 4454 1470 4508 in

172 4546 327 4601 orationem
347 4544 543 4600 Herodoteam.
571 4543 749 4611 Hatle1euc)
767 4541 871 4610 fugisse
891 4541 1009 4597 videtur.

260 4641 286 4705 2)
307 4634 361 4689 cfr.
380 4633 500 4702 Curtius,
520 4634 722 4703 Schnlgramm.
742 4636 824 4696 §553
835 4633 860 4685 b.
872 4647 897 4685 a.
913 4636 936 4686 1.
