3360 5310
699 344 918 407 „49-

242 506 471 591 Imperfectum
496 506 533 569 de
558 508 678 570 conatu
706 503 846 569 occurrit
872 502 926 586 lX,
941 502 993 587 34,
1017 496 1062 577 ὥς
1085 525 1143 585 μιν
1173 500 1207 566 οί
1227 493 1367 585 Ἀργεῖοι
1392 499 1460 583 ἐμι-

158 614 307 704 σθούυτο
328 612 363 681 ἐκ
382 609 502 678 Πύλου
520 613 644 676 παῦσαι
665 607 722 688 τάς
741 609 902 696 σφετέρας
920 620 1082 693 γυναῖκας
1100 609 1157 693 της
1176 604 1316 690 νούσου,
1335 602 1461 693 μισθὸν

157 725 370 805 προετείνατο
394 721 452 803 τῆς
474 720 649 803 βασιληίης
672 713 710 782 τὸ
734 715 847 802 ήμισυ.
1272 803 1273 806 ¹

200 817 203 822 ¹
244 827 337 893 Locis
367 827 470 892 adhuc
499 826 608 893 allatis
639 826 863 910 imperfectum
887 825 1039 909 exprimit
1069 824 1228 890 actionem
1257 823 1309 888 vel
1338 825 1460 888 statum

66 975 79 1010 μ.
112 939 114 944 ’
155 936 322 1001 durantem
346 957 418 1001 cum
443 935 527 1000 actio
552 934 640 998 verbi
665 933 844 998 sententiae
868 931 1042 1016 primariae
1066 931 1154 996 faeta·
1181 935 1237 996 est.
1286 927 1460 994 Nonnullis

17 1085 19 1088 <
55 1035 89 1113 ,ἶ
123 1107 127 1118 ,Α
156 1045 263 1107 autem
287 1042 367 1107 locis
391 1041 626 1127 imperfectum,
649 1044 686 1105 ut
710 1061 835 1124 semper
859 1041 1008 1122 aoristus,
1032 1061 1100 1104 rem
1121 1041 1195 1103 ante
1215 1037 1374 1102 actionem
1398 1037 1462 1122 pri-

154 1150 289 1214 mariam
313 1149 432 1214 factam
457 1147 664 1234 significat¹):
692 1145 718 1231 I,
733 1148 774 1211 47
800 1141 845 1225 ὡς
869 1146 1017 1231 ἐσῆλθον
1041 1143 1176 1232 τάχιστα
1201 1145 1234 1223 ἐς
1252 1140 1289 1210 τὸ
1314 1142 1461 1229 μέγαρον

224 1309 229 1320 .
244 1306 251 1321 .
268 1255 323 1320 καί
347 1252 543 1338 ἐπειρώτεον
566 1250 603 1320 τὸ
627 1252 875 1338 ἐντεταλμένον,
899 1248 920 1338 ή
944 1256 1062 1337 Πυθίη
1077 1301 1174 1319 .....
1189 1252 1276 1338 λέγει
1300 1249 1390 1318 τάδε.
1496 1281 1498 1285 ·

245 1362 296 1428 65.
320 1357 364 1439 ὡς
388 1358 477 1446 ἐσήιε
501 1361 533 1439 ἐς
555 1356 593 1427 τὸ
617 1360 780 1447 μέγαρον,
804 1355 910 1438 εὐθὺς
933 1355 952 1445 ἡ
977 1364 1095 1444 Πυθίη
1119 1359 1207 1444 λέγει
1230 1356 1318 1425 τάόε.

220 1488 222 1490 ’
246 1470 297 1535 80.
321 1463 364 1546 ὡς
389 1466 425 1534 δέ
447 1467 503 1533 καὶ
527 1465 691 1556 συνήισαν
715 1468 748 1544 ἐς
769 1461 831 1551 τήν
854 1464 972 1552 μάχην.

244 1575 287 1659 ΙΙ,
304 1576 376 1642 160.
395 1571 439 1653 ὡς
459 1572 496 1642 δέ
510 1625 606 1642 .....
623 1577 738 1658 ἔλεγον
755 1576 824 1641 τῶν
843 1576 953 1641 εἵνεκα
973 1568 1143 1659 άπίκουτο,
1163 1574 1312 1640 ἐνθαῦτα
1331 1569 1349 1640 ὁ
1369 1577 1462 1658 βασι-

158 1679 234 1760 λεὺς
258 1671 355 1760 οὗτος
379 1681 601 1767 συγκαλέεται.
1205 1696 1211 1705 ·

245 1789 305 1876 ΙΙΙ,
320 1790 372 1855 25.
396 1785 440 1868 ὡς
463 1786 595 1876 fineval)
619 1791 686 1855 τῶν
707 1785 953 1874 Ἰχθυοφάγων,
978 1784 1223 1873 ἐστρατεύετο..
1290 1803 1294 1813 ·

245 1897 302 1980 IV,
317 1900 368 1963 80.
393 1891 436 1974 ὡς
460 1894 497 1963 δὲ
516 1893 595 1981 μετά
614 1905 718 1962 ταῦτα
737 1893 896 1980 ἐξήλαυνε
915 1889 933 1961 ό
950 1894 1085 1980 Σκύλης
1104 1895 1137 1972 ἐς
1155 1891 1242 1979 ήθεα
1261 1892 1301 1959 τὰ
1322 1892 1461 1977 ἑαυτοῦ,

159 2005 193 2068 οί
215 2001 351 2070 Σκύθαι
366 2054 461 2070 .....
477 2002 691 2070 ἐπανιστέατο
714 1994 759 2095 τῷ
784 2001 910 2090 Σκύλη.

248 2111 286 2196 V,
303 2113 353 2177 79.
378 2106 422 2189 ὡς
441 2108 674 2177 ἐπυνθάνοντο
694 2108 732 2177 δὲ
750 2107 919 2194 λεγόντων
939 2105 1136 2176 αὐτῶντῶν
1155 2106 1294 2195 άγχιστα
1315 2109 1465 2198 δέεσθαι,

159 2213 255 2283 εἶπαν
279 2219 315 2284 ot
336 2221 478 2303 Θηβαῖοι
502 2214 706 2296 ἀκούσαντες
728 2215 866 2284 τούτων.
1434 2282 1437 2289 ,

237 2324 405 2409 1111142.
426 2320 469 2403 ὡς
486 2322 522 2390 δὲ
537 2319 740 2403 ἀπελθόντες
760 2325 795 2391 ot
811 2322 997 2409 θεοπρόποι
1013 2319 1202 2409 άπήγγελον
1221 2324 1254 2403 ές
1269 2319 1328 2391 τὸν
1344 2325 1464 2410 δῆμον,

115 2491 117 2496 .
158 2433 288 2515 γνῶμαι
311 2429 367 2497 καί
391 2427 489 2496 άλλαι
512 2431 631 2498 πολλαὶ
654 2435 875 2517 γίνονται...

250 2540 321 2605 146.
350 2533 394 2616 ὦς
418 2536 455 2604 δὲ
479 2541 525 2604 ἔτι
548 2537 742 2626 περιεόντας
770 2534 894 2616 αύτούς
921 2538 1106 2623 κατέλαβον
1132 2538 1187 2604 καὶ
1215 2529 1301 2625 ήγον
1330 2539 1363 2616 ἐς
1387 2535 1467 2616 όψιν

159 2642 220 2730 τήν
243 2645 407 2730 βασιλέος,
430 2641 467 2711 τὸ
492 2645 650 2712 ἐνθεῦτεν
673 2644 867 2730 πυθόμενος
890 2642 940 2712 ἐπ’
968 2638 1034 2712 οἷσι
1059 2636 1182 2731 ήλθου,
1206 2646 1343 2713 ἐκέλευε.

248 2752 303 2838 ΙΧ,
318 2753 370 2819 82.
403 2747 448 2830 ὡς
476 2751 513 2818 δὲ
541 2750 754 2838 κελευόμενοι
788 2741 882 2820 οὗτοι
915 2753 1049 2819 ἐποίευν
1077 2756 1197 2839 ταῦτα,
1229 2754 1378 2820 ἐνθαῦτα
1406 2749 1466 2819 τὸν

160 2864 361 2944 Παυσανίην
376 2911 471 2926 .....
486 2862 647 2926 κελεῦσαι.

134 2992 136 2995 ’
251 2981 446 3068 Saepissime
465 2985 499 3050 in
520 2987 668 3085 oratione
686 2986 829 3070 obliqua,
852 3008 1086 3072 nonnunquam
1111 2988 1168 3053 sed
1190 3010 1264 3053 raro
1288 2987 1387 3053 etiam
1411 2988 1467 3051 ubi

161 3091 266 3155 brevis
296 3097 346 3157 est
374 3089 786 3179 (cfr.1‚141et111‚87),
823 3093 894 3158 loco
926 3093 1094 3159 indicativi
1126 3093 1307 3160 infinitivus
1340 3095 1467 3179 positus

115 3229 117 3233 ¹
162 3195 252 3284 esu).
299 3198 494 3283 Temporum
522 3200 673 3266 infinitivi
704 3200 1005 3284 frequentissimum
1028 3207 1078 3265 est
1101 3201 1254 3266 aoristus:
1282 3201 1307 3283 Ι,
1322 3202 1373 3284 86,
1390 3203 1467 3287 141;

161 3303 202 3389 11,
219 3305 290 3386 τοι,
308 3307 398 3389 mro
419 3304 508 3394 (us),
529 3307 628 3392 mro,
645 3307 721 3392 νον,
749 3306 807 3389 111,
822 3305 879 3390 353
902 3306 1003 3392 rue,
1019 3308 1073 3391 11,
1089 3309 1165 3394 νιν,
1189 3307 1244 3394 vr,
1261 3309 1322 3374 rav
1348 3306 1468 3392 (τινα
1536 3340 1538 3343 .
1628 3276 1631 3283 ’

166 3451 377 3458 ——-..—.-

253 3536 279 3605 1)
299 3535 352 3590 Cir.
372 3535 487 3590 Ksrhner
505 3541 594 3603 5383,
610 3539 625 3587 3
647 3535 676 3588 et
693 3534 844 3604 Delbrlick,
863 3534 1052 3605 Grundlegen,
1072 3555 1099 3606 p.
1116 3542 1167 3590 114
1186 3553 1248 3590 cum
1267 3557 1294 3608 p.
1311 3544 1423 3593 105—6.

251 3626 279 3692 2)
299 3624 391 3679 Codex
401 3624 433 3693 R,
443 3640 527 3693 quem
539 3627 635 3677 tamen
651 3621 743 3677 nullus
758 3623 834 3692 quod
845 3625 930 3679 sciam
942 3625 1033 3678 editor
1042 3626 1153 3680 secutus
1164 3629 1215 3695 est,
1226 3622 1329 3695 ήκουσε
1341 3628 1465 3697 praebet.

251 3714 278 3781 3)
299 3712 353 3767 cfr.
369 3711 485 3782 Madvig
503 3718 518 3778 ξ
535 3718 585 3767 169
595 3712 623 3779 b,
643 3712 774 3766 Knehner
792 3718 807 3778 ξ
823 3719 884 3783 694,
900 3715 952 3770 5b.
985 3714 1113 3770 Cavallin
1131 3713 1150 3768 l.
1165 3713 1183 3770 l.
1203 3733 1230 3785 p.
1246 3721 1289 3784 91,
1304 3722 1329 3771 2.
1362 3716 1400 3769 nt
1418 3714 1469 3769 Ca·

163 3799 250 3855 vallin
265 3801 404 3856 statuens:
421 3801 497 3871 ‘post
510 3796 548 3864 ὡς
561 3800 717 3855 infinitivus
732 3803 792 3856 tnm
806 3802 984 3871 potissimum
997 3807 1151 3872 usurpatur
1165 3822 1249 3873 quum
1265 3805 1470 3859 enuntiationes

164 3889 299 3959 primaria
313 3894 342 3945 et
356 3892 520 3946 secundaria
534 3889 613 3958 quasi
632 3891 661 3944 in
677 3908 763 3945 unum
778 3890 994 3958 confunduntur,
1014 3893 1162 3963 praecipue
1177 3893 1234 3948 illis
1248 3891 1318 3948 locis
1333 3891 1381 3945 nbi
1396 3892 1469 3947 idem

165 3980 208 4033 est
230 3975 373 4048 utriusque
397 3980 552 4035 sententiae
572 3979 751 4046 subiectum’,
779 3979 851 4033 nihil
873 3980 951 4034 dicit.
990 3983 1062 4035 Nam
1086 3983 1206 4051 primum
1234 3981 1358 4051 saepius,
1383 3985 1414 4036 ut
1436 4001 1470 4037 ex

165 4068 299 4139 exemplis
325 4068 360 4123 ab
385 4084 417 4123 eo
441 4067 536 4124 allatis
560 4069 664 4136 elucet,
693 4069 850 4123 subiectum
879 4069 1026 4140 utriusque
1050 4070 1204 4126 sententiae
1232 4076 1275 4126 est
1302 4075 1368 4124 non'
1385 4068 1469 4124 idern.

164 4157 271 4214 Deinde
295 4175 328 4213 ex
353 4174 385 4212 eo
414 4158 488 4228 quod
511 4157 639 4228 plurimis
663 4158 788 4213 locorum
810 4152 860 4212 ubi
882 4159 1037 4215 infinitivus
1062 4160 1215 4229 invenitur,
1243 4162 1293 4214 aut
1318 4158 1404 4213 ‘idem
1427 4164 1471 4215 est

166 4249 322 4304 subiectum
337 4248 560 4304 enuntiationum
574 4248 725 4318 primariae
744 4249 774 4301 ct
788 4247 979 4304 secundariae’
1000 4250 1051 4303 aut
1071 4249 1238 4303 ‘subiectum
1253 4247 1369 4303 alterius
1384 4265 1469 4302 enun-

165 4337 292 4394 tiationis
310 4337 339 4391 in
358 4336 447 4392 altera
461 4336 653 4393 enuntiatione
669 4336 808 4392 obiectum
830 4339 873 4392 est
892 4342 942 4392 aut
961 4339 988 4391 in
1007 4340 1139 4407 genetivo
1157 4337 1204 4392 vel
1223 4338 1318 4393 dativo
1334 4336 1467 4392 occurrit'

167 4428 279 4496 (quibus
299 4427 391 4482 verbis
406 4427 434 4482 C.
452 4431 551 4496 postea
571 4427 662 4498 ‘qnasi
680 4426 710 4480 in
729 4444 814 4480 unum
829 4427 1048 4481 confunduntur'
1069 4427 1184 4482 definire
1203 4427 1333 4496 videtur),
1353 4443 1415 4480 cnm
1436 4444 1470 4483 eo

166 4515 390 4581 nihil‚diffcrant
407 4515 462 4572 loci
485 4517 532 4570 ubi
555 4516 709 4571 infinitivus
734 4517 884 4583 usurpatur
902 4533 920 4569 a
938 4514 1007 4570 locis
1026 4516 1074 4571 ubi
1098 4515 1169 4570 alius
1193 4516 1292 4570 modus
1311 4516 1470 4587 adhibetur,

166 4603 238 4659 nihil
254 4607 289 4658 ad
303 4605 435 4662 infinitivi
449 4624 528 4661 nsum
544 4605 640 4675 colligi
649 4607 749 4674 potest.
779 4603 866 4658 Usum
880 4603 1011 4660 infinitivi
1025 4605 1103 4659 nulla
1117 4606 1179 4675 lege
1189 4604 1342 4674 constringi
1353 4605 1471 4673 apparet

161 4693 329 4764 'exII,121‚
349 4694 397 4750 ubi
416 4695 499 4750 modo
518 4694 688 4751 indicativus
706 4693 964 4777 modo'infinitivus
983 4699 1138 4766 usurpatur.

1241 4790 1259 4836 4
