3360 5310
737 340 954 404 ..26-

286 494 355 586 νόηι
384 501 499 580 λαβεῖν
527 497 590 581 ΙΙΙ,
609 502 661 582 41,
683 502 757 583 1433
786 500 822 584 V,
842 502 897 582 913
920 500 1014 585 Vlll,
1037 502 1085 566 19.
1132 499 1199 590 νόῳ
1229 508 1334 587 ι”σχειν
1357 502 1396 586 V,
1417 505 1496 586 92η.

284 600 386 690 ταάτη
409 605 511 671 ταῦτα
536 603 724 689 ἐλάμβανον
750 608 920 691 V11‚142.

285 709 551 795 σταθμώσασθαι
574 714 638 798 Ill,
657 716 708 780 38.

285 891 313 954 8.
347 891 410 954 alia¹
433 891 536 958 verba.

286 995 450 1080 φοβέομαι
478 999 508 1080 1,
526 1000 555 1062 9.
601 995 644 1082 μὴ
678 1002 786 1081 φοβεῦ
813 997 892 1084 μήτε
921 1000 992 1083 ε’μέ,
1026 995 1070 1076 ὡς
1099 1000 1154 1065 σεό
1182 999 1386 1086 πειρώμενος
1412 1002 1497 1085 λέγω

197 1099 300 1184 λόγον
323 1099 437 1186 τόνδε,
466 1104 545 1187 μήτε
572 1117 715 1189 γυναῖκα
743 1103 804 1190 τὴν
833 1104 931 1190 ἐμήν,
964 1104 1009 1190 μη’
1037 1111 1070 1171 τί
1095 1131 1146 1172 τοι
1174 1108 1206 1187 ἐξ
1235 1104 1336 1191 αὐτῆς
1363 1108 1498 1192 με’νηται

197 1207 328 1292 βλάβος.
375 1211 412 1275 ln
442 1214 547 1294 priore
577 1215 737 1277 sententia
763 1215 864 1278 habet
893 1215 1000 1298 φοβεῦ
1029 1216 1090 1278 viru
1120 1237 1184 1278 non
1214 1216 1316 1278 sulum
1347 1217 1434 1281 verbi
1458 1218 1497 1279 ti-

198 1318 312 1400 mendi,
336 1318 390 1381 sed
415 1320 513 1382 etiam
537 1322 627 1384 verbi
651 1322 785 1403 putandi
808 1344 961 1404 —quare
986 1316 1031 1397 ὡς
1051 1320 1257 1408 usurpatur¹)
1273 1359 1314 1368 —
1334 1323 1366 1386 iu
1392 1328 1497 1406 peste-

198 1425 282 1488 ricre
306 1430 412 1490 autem
439 1427 520 1491 nihil
544 1428 630 1491 aliud
656 1448 752 1510 quarn
776 1427 914 1491 timere
938 1429 1107 1512 significat.

288 1532 320 1609 ἐς
344 1529 520 1616 διάπειραν
543 1530 666 1598 τούτου
689 1528 868 1598 ἀπικέσθαι
889 1531 946 1620 (--
966 1536 1185 1618 experimento
1215 1537 1405 1621 cognovisse
1428 1536 1499 1602 hoc.

199 1638 498 1727 Schweighaeuser)
523 1641 554 1704 ll
562 1693 570 1725 ‚
589 1641 641 1705 28.

286 1745 504 1830 παραιτέομαι
527 1747 583 1831 IV,
605 1748 676 1813 158.
722 1745 1010 1833 Schweighaeuser
1043 1746 1196 1834 (hericon
1225 1748 1445 1814 Herodoteum
1476 1774 1500 1816 s.

200 1850 291 1938 voce)
315 1859 422 1918 nutat:
445 1854 504 1919 ‘ad
528 1854 660 1918 verbum
684 1852 966 1937 παραιτησάμενοι
991 1856 1251 1939 subintellegitur
1274 1854 1328 1920 καὶ
1348 1855 1501 1940 λέγοντες

199 1964 256 2022 aut
278 1961 398 2044 aliquid
421 1963 454 2024 in
479 1962 614 2025 eandem
638 1961 857 2025 sententiam.'

288 2066 456 2132 Postremo
495 2068 674 2132 afferendus
707 2073 756 2132 est
787 2069 876 2132 locus
909 2068 954 2153 H,
984 2070 1056 2134 116.
1109 2071 1212 2153 δῆλον
1250 2066 1287 2134 δὲ
1324 2068 1406 2134 κατά
1438 2092 1500 2152 περ

200 2171 331 2254 ἐποίησε
369 2172 406 2237 ἐν
435 2170 551 2239 Ἰλιάδι
583 2172 714 2257 πλάνην
747 2172 808 2259 τὴν
838 2170 1073 2258 Ἀλεξάνδρον,
1112 2172 1156 2254 ὡς
1188 2173 1374 2260 ἀπηνείχθη
1407 2173 1502 2259 άναιν

195 2274 333 2363 Ἑλένην
359 2304 401 2369 τη
425 2303 459 2345 τε
488 2279 529 2365 δὴ
552 2276 636 2366 άλλη
660 2279 863 2366 πλαζόμενος
890 2281 945 2347 καλ
974 2277 1019 2359 ὡς
1042 2283 1074 2359 ἐς
1096 2285 1236 2349 Σιδῶνα
1258 2284 1316 2367 τῆς
1342 2287 1502 2366 Φοινίκης

200 2411 345 2470 αφικετο.

736 2785 856 2878 Caput
899 2787 954 2858 Vl.

758 2943 802 3006 ὼε
825 2940 944 3006 Finale.

287 3084 398 3149 Finale
428 3080 473 3162 ὡς
504 3086 631 3170 generis
668 3085 881 3169 comparativi
910 3107 979 3147 esse
1010 3086 1157 3169 quamvis
1191 3080 1396 3169 Naumanu²)
1429 3106 1501 3168 per-

201 3194 310 3276 spicue
345 3195 469 3256 elucere
507 3193 660 3276 affirmet,
694 3198 802 3257 tamen
836 3191 916 3255 mihi
949 3192 1076 3275 quidem
1114 3192 1193 3255 nihil
1227 3191 1343 3255 clarius
1376 3190 1504 3276 videtur

201 3322 298 3384 quam
322 3323 360 3364 ex
384 3297 428 3376 ὡς
452 3299 586 3364 relativo
611 3300 810 3384 profiuxisse.
858 3298 891 3364 Si
915 3304 1023 3364 autern
1048 3299 1110 3364 hac
1134 3298 1171 3362 de
1195 3319 1229 3362 re
1252 3297 1389 3380 dubites,
1411 3297 1503 3381 legas

202 3429 323 3490 quaero
347 3432 430 3492 quae
456 3409 493 3472 de
517 3406 699 3474 huiusmodi
725 3409 955 3473 sententiarum
982 3407 1106 3490 origine
1126 3402 1342 3502 Delbrueclr3)
1364 3404 1503 3488 scripsit.

202 3514 248 3579 Et
266 3538 433 3600 compares
454 3539 572 3581 sauser.
593 3517 701 3600 yatha,
720 3517 776 3580 lat.
791 3539 864 3600 quo,
883 3519 948 3600 gut.
967 3514 1045 3597 licei,
1062 3513 1145 3593 hatei
1167 3509 1256 3597 (bei),
1274 3531 1372 3595 germ.
1391 3511 1503 3590 demit,

202 3644 265 3705 quc
289 3622 413 3687 Luther
435 3646 500 3688 non
524 3625 627 3688 utitur
651 3624 712 3686 nisi
738 3622 850 3687 eodem
874 3643 970 3685 sensu
994 3642 1031 3684 ac
1055 3617 1133 3683 ‘mit
1156 3615 1369 3703 welchem'.4)

291 3728 372 3794 Cum
397 3735 524 3814 tempus
549 3730 638 3795 verbi
661 3731 803 3814 regentis
827 3729 1017 3812 primarium
1040 3730 1100 3809 est,
1122 3719 1167 3801 ὡς
1191 3747 1317 3808 semper
1338 3747 1410 3789 cum
1429 3747 1504 3790 con·

203 3839 344 3902 iunetivc
365 3839 575 3919 construitur3
595 3838 650 3901 sed
671 3839 697 3901 si
718 3836 876 3900 sententia
896 3834 1002 3898 finalis
1023 3856 1042 3897 a
1061 3834 1160 3898 verbo
1180 3831 1355 3916 praeterito
1374 3833 1504 3916 pendet,

201 3946 362 4009 invenitur
395 3948 471 4030 post
503 3940 548 4022 ὡς
575 3945 670 4010 modo
700 3944 935 4026 coniunctivae,
963 3940 1059 4005 modo
1089 3939 1263 4024 optativus.
1314 3937 1396 4014 Quid
1420 3940 1506 4004 inter

201 4052 262 4115 lios
286 4052 398 4117 modos
421 4053 455 4116 iu
480 4053 640 4116 sententia
664 4052 754 4116 finali
777 4056 854 4134 post
876 4054 1003 4133 tempus
1022 4038 1235 4132 praeteritum
1260 4045 1386 4129 positos
1406 4047 1506 4109 inter-

294 4247 319 4315 1)
339 4245 393 4300 Cfr.
417 4246 559 4312 Kuehner‚
588 4266 613 4315 p.
632 4249 700 4299 1044
719 4244 747 4298 C.
786 4242 899 4310 Madvig
926 4246 1012 4308 §124
1026 4240 1053 4294 b.
1088 4243 1164 4294 Anm.
1181 4246 1206 4293 2.
1244 4238 1392 4305 Goodwin,
1414 4237 1506 4292 Greek

203 4336 300 4390 Moods
319 4336 374 4389 and
392 4335 503 4390 Tenses.
540 4335 619 4388 Sixth
639 4334 761 4388 Edition.
791 4331 903 4394 ¹Bostou
924 4336 1000 4386 1875.
1020 4350 1046 4401 p.
1062 4335 1104 4384 85.
1141 4328 1214 4384 Note
1234 4330 1275 4396 6(
1294 4330 1311 4396 ).

292 4425 319 4495 2)
336 4425 355 4479 l.
374 4425 392 4480 l.
412 4443 438 4494 p.
453 4432 495 4479 32.

309 4496 318 4581 l
339 4512 504 4583 Oonjunctiv
523 4515 579 4568 und
599 4514 715 4584 Optativ
733 4531 760 4583 p.
776 4520 818 4567 60.

292 4521 320 4673 Ι)
340 4603 393 4658 cfr.
413 4603 445 4658 K.
460 4605 489 4659 F.
504 4603 619 4672 Becker,
634 4602 831 4657 Ausfr'ihrliche
851 4602 984 4656 deutsche
999 4598 1180 4654 Grammatik.
1206 4597 1309 4651 Zweite
1323 4595 1506 4665 Abtheilung.

203 4693 354 4748 Frankfurt
373 4710 395 4748 a.
416 4692 493 4747 Main
513 4699 588 4748 1837.
620 4713 645 4762 p.
661 4698 719 4748 273.
