3360 5310
728 297 947 361 ..34-

277 456 430 522 Fortasse
455 457 759 522 commemoratione
788 455 920 541 dignum
950 461 1000 520 est
1029 458 1205 540 particulae
1229 482 1275 534 ως
1297 480 1370 522 cum
1392 459 1489 543 parti-

187 564 271 647 cipio
288 565 327 628 ad
342 564 615 648 comparationem
630 565 870 647 exprimendam
886 567 1090 628 constructae
1102 563 1279 629 Homerum
1294 563 1489 650 particulam

187 671 217 735 εί
239 692 365 756 semper
387 671 453 736 fere
477 670 601 736 addere.
647 670 713 736 ofr.
732 669 852 756 Lange,
875 669 1005 735 Homer.
1030 669 1210 755 Gabrauch,
1233 693 1306 756 pag.
1321 672 1395 737 240.

274 777 309 864 α)
333 777 543 864 Participium
568 778 606 842 ad
631 778 810 843 sententiae
833 778 1008 862 primariae
1032 779 1211 843 subiectum
1233 782 1364 862 spectat.

278 885 302 964 I,
316 885 366 952 59.
386 880 486 968 ῆλασε
507 885 539 961 ἐς
552 880 614 968 τῆν
628 880 756 969 άχορῆν
769 879 807 950 τδ
828 885 941 967 ζεῦγος
956 880 1000 961 ὡς
1020 881 1231 969 ἐκπεφευγὼςΙ
1245 882 1323 962 τοὺς
1338 883 1489 970 ἐχθρούς.
1535 902 1538 910 ’

274 992 482 1057 Pisistratum
505 1015 538 1056 re
563 1014 638 1057 vera
661 1014 700 1056 ex
723 992 866 1056 hostium
886 992 1034 1057 manibus
1059 1001 1124 1056 non
1148 992 1293 1076 elapsum
1314 1015 1392 1075 esse,
1416 1016 1489 1075 par-

185 1099 297 1183 ticipio
326 1122 392 1164 non
420 1099 590 1182 indicatur,
622 1099 677 1163 sed
705 1102 832 1163 tantum
863 1121 900 1162 ex
929 1102 1079 1164 contextu
1111 1099 1284 1183 colligitur.
1332 1097 1489 1163 Similiter

186 1207 300 1271 ceteris
325 1228 452 1291 quoque
476 1207 556 1272 locis
575 1207 638 1271 huc
657 1206 768 1270 relatis
787 1227 825 1270 ex
845 1203 998 1270 contextu
1018 1212 1067 1270 est
1087 1205 1355 1290 cognoscendum,
1380 1211 1488 1269 utrum

188 1313 397 1397 participium
420 1335 488 1378 rem
511 1336 620 1379 veram
645 1334 686 1376 au
710 1312 818 1384 fictam
844 1311 1042 1399 exprimat).
1139 1357 1143 1363 -
1282 1308 1284 1312 ’

192 1449 193 1453 ’
274 1437 299 1522 Ι,
320 1439 392 1502 140.
415 1434 494 1502 τάδε
518 1435 630 1521 μέντοι
655 1431 700 1514 ὡς
722 1432 933 1522 κρυπτόμενα
949 1435 1091 1520 ’λέγεται

208 1629 210 1634 ,
273 1562 314 1644 II,
334 1564 434 1628 121δ.
463 1558 525 1646 τῆν
557 1560 706 1647 κεφαλήν
739 1585 796 1645 μιν
828 1557 1010 1627 κόπτεσθαι
1034 1557 1160 1647 μεγάλα
1188 1564 1319 1644 βοῶντα
1353 1556 1396 1639 ὡς
1428 1558 1489 1627 οὐκ

186 1671 304 1753 ἔχοντα
327 1665 410 1753 πρὸς
434 1664 549 1734 ὁκοῖον
573 1670 640 1735 των
665 1665 756 1734 όνων
780 1675 914 1751 πρῶτον
938 1665 1108 1753 τράπηται,

278 1776 349 1842 141.
371 1772 432 1840 τὸν
456 1774 492 1841 έν
511 1771 664 1861 ἀλογίῃσι
684 1779 771 1859 ἔχειν
790 1775 1092 1860 παραχρησάμενον
1110 1777 1178 1853 των
1196 1778 1348 1860 μαχίμων
1364 1778 1488 1859 Alpon-

188 1885 270 1947 τίων
293 1876 337 1959 ὡς
361 1878 461 1948 οὐδέν
487 1879 693 1966 δεησόμενον
717 1877 837 1947 αὐτων.
1085 1949 1088 1955 ,
1522 1878 1528 1891 “

276 1988 424 2056 Heikelio
442 1990 649 2075 participium
667 1991 728 2055 hoo
748 1995 781 2054 et
800 1988 992 2075 quibusdam
1013 1989 1085 2054 aliis
1106 1990 1185 2054 locis
1201 1998 1284 2074 ‘quos
1304 1991 1366 2055 huc
1386 1991 1489 2055 refero

186 2096 252 2160 vim
276 2098 438 2161 causalem
462 2097 640 2182 exprimere
663 2093 834 2182 videtur2).
868 2094 929 2169 Sed
949 2118 1141 2181 unoquoque
1164 2098 1234 2162 loco
1255 2097 1398 2161 omnium
1418 2119 1488 2162 oon·

188 2225 301 2268 sensus
325 2203 363 2268 de
387 2204 419 2269 vi
443 2204 605 2288 participii
628 2227 694 2268 non
718 2207 768 2268 est
791 2203 1035 2287 exspectandus,
1058 2226 1142 2284 nam,
1168 2208 1203 2269 ut
1222 2204 1329 2267 verbis
1348 2203 1490 2269 Heikelii

187 2315 268 2388 utar,
288 2305 483 2376 ‘num'certa
502 2311 659 2395 quaedam
678 2311 771 2395 ratio,
790 2315 826 2374 ut
849 2310 998 2393 causalis,
1016 2311 1214 2393 temporalia,
1238 2311 1323 2374 iuter
1346 2311 1489 2375 actiones
1579 2323 1582 2328 '

186 2418 372 2501 intercedat,
387 2417 558 2502 participi0
575 2439 639 2481 uon
654 2417 855 2502 exprimitur,
870 2418 924 2482 sed
941 2419 1011 2482 sola
1025 2418 1219 2500 cogitatione
1239 2414 1490 2502 intellegitur'3).

276 2541 334 2625 HI,
357 2543 384 2606 1.
417 2535 453 2618 δς
481 2537 537 2622 ἐμὲ
565 2539 618 2605 σοί
646 2537 759 2627 κόσμῳ
789 2536 935 2624 ἀσκήσας
964 2536 1133 2624 ἀπέπεμψε
1160 2536 1205 2617 ὠς
1237 2539 1362 2606 ἑωυτοῦ
1384 2547 1490 2623 δυχα-

186 2646 264 2728 τέρα
288 2644 413 2724 διδούς.
492 2643 497 2649 ’
552 2665 554 2668 ’

277 2770 331 2856 VI,
352 2775 379 2836 1.
403 2769 576 2855 ἐθάυμαζέ
596 2767 691 2864 τετὸ
717 2768 866 2854 γεγονός,
891 2766 935 2848 ὡς
959 2766 1060 2860 οὐδὲν
1081 2773 1187 2856 δῆθεν
1210 2774 1277 2838 τῶν
1296 2770 1489 2858 παρεόντων

186 2874 388 2963 πρηγμάτων
412 2873 634 2961 ἐπιστάμενος.
673 2877 758 2943 Eum
780 2882 886 2943 autem
905 2880 951 2942 rei
974 2900 1008 2942 re
1027 2901 1104 2943 vera
1127 2902 1191 2944 uon
1214 2880 1365 2964 ignarum
1389 2880 1486 2944 tuisse

187 3007 245 3069 per
267 2977 461 3070 particulam
485 2986 591 3067 δῆθεν
616 2986 756 3049 additam
783 2986 947 3069 premitur.
985 2983 1049 3050 (δίε.
1065 2984 1121 3063 vl,
1137 2986 1193 3070 393
1219 2984 1307 3064 VIII,
1322 2985 1351 3050 5.

276 3093 327 3155 39.
356 3091 391 3155 οἵ
412 3116 469 3175 μιν
497 3089 551 3155 καὶ
575 3091 611 3156 ἐν
632 3085 793 3176 Ἀθήνησι
818 3089 951 3155 ἐποίευν
976 3085 1013 3156 εὗ
1036 3085 1081 3167 ὡς
1105 3086 1145 3156 οὐ
1169 3089 1359 3171 συνειδότες
1383 3095 1489 3177 δῆθεν

186 3194 394 3283 τοῦπατρὸς
418 3201 574 3283 Κίμωνος
598 3191 701 3262 αὐτοῦ
725 3194 785 3262 τὸν
808 3200 970 3264 θάνατον.

275 3322 347 3407 VII,
368 3323 418 3388 14.
446 3319 562 3387 καὶτὰ
594 3319 654 3406 ἐμὰ
678 3325 756 3388 ἔπεα
785 3322 821 3387 ἐν
851 3316 965 3387 οὐδενί
988 3322 1210 3407 ποιησάμενος
1233 3321 1322 3414 λόγῳ
1347 3320 1391 3401 ὡς
1413 3320 1488 3410 παρ’

188 3426 328 3510 οὐδενὸς
351 3422 505 3505 άκοόσας.
691 3510 694 3516 Ι

277 3536 350 3601 211.
382 3536 417 3599 οί
448 3533 485 3601 δὲ
509 3534 636 3620 Πέρσαι
670 3533 880 3621 ἐκδεξάμενοι
914 3535 1053 3620 ἐπήισαν
1076 3585 1172 3602 .....
1193 3532 1237 3613 ὡς
1266 3534 1307 3620 δῆ
1336 3527 1433 3602 οὗτοί
1453 3563 1490 3621 με

187 3639 347 3719 εὐπετέως
369 3637 656 3727 κατεργασόμενοι.

276 3767 370 3847 VIII,
398 3767 427 3832 5.
469 3762 665 3852 Εὐρυβιάδῃ
702 3764 831 3832 τούτων
869 3774 936 3832 τῶν
972 3763 1149 3850 χρημάτων
1186 3769 1359 3851 μεταδιδοῖ
1393 3768 1489 3834 πέντε

187 3872 331 3941 τάλαντα
354 3868 399 3951 ὡς
422 3868 494 3959 παρ’
521 3873 648 3939 ἑωυτοῦ
673 3874 779 3958 δῆθεν
804 3875 928 3951 διδούς.

276 3984 328 4047 97.
352 3976 483 4066 ἀρτέετό
506 4004 540 4046 τε
564 3980 596 4057 ἐς
618 3979 764 4066 πόλεμον
789 3977 833 4057 ὡς
856 3984 1045 4066 ναυμαχίην
1068 3977 1173 4064 ἄλλην
1196 3977 1426 4066 ποιησόμενος.

276 4106 331 4191 ΙΧ,
351 4108 401 4172 60.
428 4104 483 4171 καὶ
508 4094 600 4172 οὗτοι
628 4103 689 4191 μὲν
712 4107 774 4192 βοῆ
799 4130 832 4171 τε
856 4105 910 4171 καὶ
934 4103 1038 4194 ὁμίλῳ
1070 4101 1210 4188 ε’πῆισαν
1234 4101 1277 4182 ὡς
1301 4102 1487 4191 ἀναρπασό-

187 4238 282 4299 μενοι
304 4210 383 4291 τοδς
397 4209 568 4297 Ἕλληνας.

278 4464 304 4530 1)
323 4461 376 4518 cfr.
396 4462 510 4516 Kiihncr
529 4465 544 4525 ξ
562 4465 622 4514 488.

276 4553 304 4619 a)
324 4550 378 4608 cfr.
398 4550 416 4604 1.
436 4549 454 4604 1.
474 4569 501 4619 p.
516 4555 558 4618 ar,
579 4555 620 4617 τε,
642 4556 700 4604 118.

278 4641 304 4710 3)
325 4639 396 4693 Vide
416 4639 434 4691 l.
454 4639 472 4692 l.
491 4657 517 4708 p.
534 4645 557 4694 9.
