3360 5310
735 327 954 390 ..16-

185 486 290 550 dieser
313 485 386 549 drei
409 485 690 589 Monstmktionen
716 488 855 571 merkem,
880 486 950 551 dass
974 486 1058 552 nach
1081 487 1255 553 affirmativ
1275 492 1493 580 ausgesagteu

186 592 316 658 Verben
345 593 401 656 der
425 591 615 677 Ausserung
643 593 727 657 ohne
751 593 1050 679 Nebenbedeutung
1073 593 1141 659 fast
1163 595 1278 659 immor
1301 594 1353 658 ein
1378 593 1492 659 Aecus.

187 701 247 764 mit
277 700 349 764 dem
372 697 464 764 Infin.
489 699 568 763 oder
591 694 641 764 ὅτι
670 700 771 784 steht,
796 700 865 764 dass
890 702 967 766 aber
991 695 1035 778 ὡς
1059 704 1183 786 gesetzt
1204 700 1298 784 vird,
1326 723 1419 764 wenn
1443 701 1494 765 die
1534 733 1538 742 ·

186 807 274 872 Rode
302 807 350 870 als
381 806 550 871 unsichere
575 806 652 871 oder
675 806 830 871 unwahre
854 806 1087 892 Bchauptung‚
1110 807 1283 892 Vorgeben
1311 807 1389 871 oder
1411 807 1493 871 Aus-

186 913 287 978 fiucht
314 913 500 978 bezeichnet
530 913 622 995 wird,
650 914 718 978 also
749 914 832 979 nach
856 915 959 978 einem
983 914 1170 980 vemeinten
1193 912 1367 980 Verbum's
1404 912 1494 977 Haec
1620 910 1622 913 ’

187 1021 220 1084 in
248 1021 363 1085 harum
394 1021 670 1085 constructionum
695 1042 789 1084 usum
812 1019 1033 1086 Herodoteum
1063 1043 1128 1085 non
1153 1021 1321 1085 convenire
1346 1018 1494 1086 Cavallin

188 1125 232 1212 (p.
252 1127 287 1213 9)
312 1126 463 1212 affirmat,
487 1127 542 1191 sed
567 1150 632 1191 non
656 1126 901 1213 demonstratl)
948 1128 1151 1213 Argumenta
1175 1133 1282 1192 autem
1308 1128 1424 1213 quibus
1442 1149 1494 1191 re·

188 1208 286 1299 fuiari
310 1233 470 1319 Madvigii
500 1235 659 1299 sententia
688 1234 837 1299 videatur
859 1233 939 1299 hacc
964 1240 1052 1299 sunt:
1085 1235 1243 1320 Primum,
1271 1234 1356 1318 quod
1378 1233 1495 1317 viginti

189 1342 313 1406 duobus
342 1341 421 1406 locis
453 1340 509 1405 ubi
539 1335 584 1417 ὡς
611 1345 687 1424 post
716 1340 799 1423 λέγω
831 1343 983 1424 occurrit,
1013 1362 1155 1424 eaquae
1184 1346 1370 1424 narrantur,
1398 1341 1494 1424 plane

187 1470 263 1512 vera
286 1452 370 1513 sunt.
404 1446 480 1513 Loci
506 1453 581 1512 sunt
601 1447 650 1512 hi:
668 1446 693 1530 I,
708 1448 761 1531 45,
781 1450 832 1532 82,
851 1449 902 1533 86,
926 1449 987 1513 118
1013 1444 1164 1534 (duarum
1184 1448 1417 1512 sententiarum
1436 1469 1494 1531 per

187 1577 221 1618 τε
245 1591 296 1621 -,
310 1557 369 1618 καί
399 1554 643 1619 coniunctarum
677 1556 780 1619 altera
814 1557 883 1619 sola
916 1578 986 1620 cum
1021 1553 1177 1637 Madvigii
1210 1555 1281 1639 lege
1314 1553 1492 1641 convenit)3

186 1661 227 1743 ΙΙ,
249 1663 320 1746 102,
343 1662 418 1745 1393
442 1660 501 1743 III,
522 1663 572 1741 75,
599 1662 675 1746 1303
702 1661 758 1742 IV,
782 1661 1045 1745 1171131145,
1069 1661 1109 1745 V,
1130 1663 1188 1743 313
1212 1660 1269 1745 VI,
1288 1662 1346 1744 69;
1369 1661 1493 1745 V11‚3‚

187 1770 217 1847 6,
240 1769 318 1853 2033
347 1767 437 1853 VIII,
458 1770 508 1852 19,
532 1770 584 1853 26,
608 1770 660 1848 98,
686 1771 762 1852 111,
790 1769 845 1853 IX,
866 1771 917 1851 38,
936 1770 987 1832 44.
1035 1767 1137 1832 Locos
1170 1790 1249 1852 quos
1274 1770 1346 1852 quis
1374 1770 1408 1832 in
1437 1769 1492 1833 du·

190 1875 280 1939 bium
307 1896 420 1941 vocare
444 1876 557 1960 possit,
580 1898 645 1940 non
669 1897 789 1959 paucos
812 1876 888 1940 illos
912 1875 1040 1960 quidem
1064 1874 1224 1959 praeterii.
1262 1873 1429 1940 Invenitur
1448 1870 1493 1951 ὡς

190 1985 264 2065 post
287 1981 371 2065 λέγω
397 1982 527 2047 omnino
551 1982 786 2066 quinquagiens
811 1984 844 2046 et
867 1982 1066 2067 quinquiens.

279 2088 317 2152 In
339 2089 428 2153 locos
452 2089 509 2153 ubi
533 2083 578 2165 ὡς
601 2088 665 2154 alia
688 2087 785 2153 verba
811 2089 965 2174 sequitur,
988 2089 1101 2173 regula
1119 2088 1277 2173 Madvigii
1301 2088 1402 2153 nihilo
1428 2110 1493 2152 me·

188 2195 250 2260 Iius
274 2195 424 2281 quadrat,
448 2196 593 2280 exempla
618 2199 727 2259 autem
752 2194 894 2278 proferre
917 2216 1045 2259 necesse
1070 2217 1136 2260 non
1159 2194 1267 2260 habui.

280 2302 428 2367 Alterum
453 2306 680 2388 argumentum
706 2305 768 2384 est,
797 2301 882 2386 quod
910 2295 960 2365 ὅτι
988 2306 1064 2385 post
1092 2303 1239 2385 protasin
1267 2302 1492 2385 interpositam

189 2432 245 2494 per
268 2403 313 2484 ὡς
335 2409 386 2473 bis
409 2409 546 2473 iteratur
565 2408 624 2493 111,
640 2410 678 2472 71
701 2414 769 2472 tore
793 2401 873 2490 ὑμῖν
898 2403 960 2490 ὅτι,
984 2400 1026 2490 ἢν
1049 2402 1215 2493 ὑπερπέσῃ
1238 2402 1259 2491 ἡ
1284 2409 1349 2473 νῦν
1373 2402 1490 2494 ἡμέρη,

187 2498 232 2593 ὡς
264 2509 325 2580 οὐκ
357 2509 457 2590 ἀλλος
489 2509 580 2598 φθάς
619 2511 697 2596 ἐμεῦ
728 2509 914 2599 κατήγορος
951 2516 1041 2578 ἔσται
1074 2519 1106 2578 et
1143 2513 1242 2597 ΙΧ,6
1273 2517 1431 2598 προεῖπαί
1459 2539 1495 2578 τε

188 2617 239 2687 ὅτι
271 2623 302 2686 εἰ
328 2617 372 2704 μὴ
402 2614 565 2704 ἀμυνεῦσι
597 2615 822 2703 Ἀθηναίοισι,
850 2615 895 2696 ὡς
916 2617 972 2684 καὶ
1006 2615 1105 2684 αὐτοί
1123 2645 1200 2686 τινα
1224 2617 1375 2705 ἀλεωρὴν
1400 2615 1494 2707 εὑρή-

188 2745 316 2794 σονται.

277 2833 430 2919 Tertium‚
454 2834 538 2920 quod
561 2839 636 2917 post
658 2835 746 2900 idem'
768 2835 901 2899 verbum
926 2834 1036 2900 eadem
1060 2836 1222 2900 sententia
1249 2835 1345 2900 modo
1370 2857 1426 2919 per
1450 2830 1496 2912 ὡς

188 2965 260 3007 cum
288 2941 386 3008 verbo
414 2942 521 3025 finito,
549 2942 645 3007 modo
673 2963 731 3027 per
759 2942 978 3007 accusativum
1007 2964 1079 3007 oum
1106 2943 1265 3007 infinitivo
1294 2942 1495 3026 exprimitur.

188 3045 344 3114 Conferas
377 3048 432 3133 VI,
456 3049 498 3113 63
531 3047 715 3131 ἐξαγγέλλει
744 3043 788 3124 ὡς
817 3049 851 3112 ot
877 3059 954 3124 παῖς
982 3046 1098 3130 γέγονε
1128 3071 1198 3114 cum
1224 3048 1281 3127 VI,
1305 3048 1348 3113 65
1381 3044 1434 3113 ὅτε
1460 3050 1499 3139 ρι’

190 3153 355 3241 ἐξήγγειλε
379 3151 396 3220 ὁ
423 3154 550 3239 οἰκέτης
573 3156 675 3221 παῖἀα
699 3153 881 3239 γενονέναι.
1446 3126 1468 3199 i

277 3261 448 3341 Quartum,
476 3263 560 3346 quod
589 3263 645 3326 ubi
673 3262 711 3327 de
739 3263 835 3326 rebus
859 3284 925 3326 non
949 3263 1034 3326 veris
1058 3263 1181 3347 agitur,
1205 3267 1238 3327 et
1261 3257 1327 3342 ὅτι,
1355 3268 1391 3326 ut
1413 3262 1439 3346 I,
1457 3264 1494 3350 33

91 3407 94 3412 ·
189 3368 277 3454 VIII,
298 3371 347 3454 75,
369 3370 447 3455 110,
470 3369 527 3453 IX,
546 3369 599 3453 58,
622 3373 655 3433 et
679 3391 742 3434 acc.
766 3391 839 3434 cum
862 3370 928 3453 inf„
951 3373 988 3433 ut
1011 3368 1034 3453 Ι,
1059 3370 1303 3453 111,116,164
1328 3374 1360 3434 et
1383 3370 1494 3434 multis

190 3477 264 3541 aliis
288 3477 378 3561 locis,
401 3481 608 3562 usurpantur.

278 3581 442 3666 Quintum,
465 3583 549 3668 quod
569 3582 625 3647 ubi
648 3583 733 3647 idem
754 3583 849 3647 aliter
873 3583 913 3648 ab
934 3583 998 3647 alio
1017 3587 1168 3647 narratur
1186 3583 1237 3649 vel
1257 3584 1434 3668 explicatur
1453 3620 1491 3630 -

188 3712 270 3774 quae
298 3690 504 3755 narrationes
529 3712 640 3757 omnes
664 3712 758 3756 verae
788 3713 857 3755 esse
885 3712 951 3755 non
978 3694 1117 3773 possunt
1142 3727 1180 3736 —
1207 3691 1301 3755 modo
1330 3684 1374 3766 ἀς
1397 3691 1493 3755 modo

189 3818 253 3862 acc.
276 3818 349 3862 cum
372 3797 429 3861 inf.
452 3797 643 3863 invenimus.
689 3797 849 3882 Exempla
872 3799 962 3861 sunt:
985 3795 1009 3879 1,
1030 3796 1072 3861 70
1097 3797 1131 3859 οἱ
1152 3794 1212 3880 μὲν
1233 3793 1494 3880 Λακεδαιμόνιοι

189 3902 322 3985 λέγουσι
350 3897 395 3980 ὡς
422 3941 465 3950 -
494 3898 589 3968 αὐτοὶ
618 3900 655 3967 δὲ
682 3898 808 3986 Σάμιοι
836 3901 971 3984 λέγουσι
1000 3896 1044 3978 ὡς
1075 3939 1119 3949 -
1151 3903 1209 3986 ΙΙΙ,
1232 3902 1275 3967 45
1304 3903 1339 3966 οἱ
1362 3899 1423 3986 μὲν
1451 3898 1493 3986 δὴ

188 4009 322 4092 λέγουσι
345 4005 422 4088 vods
445 4005 786 4094 ἀποπεμφθέντας-
806 4005 868 4074 οὐκ
887 4005 1066 4074 ἀπικέσθαι
1085 4010 1118 4085 ἐς
1136 4014 1308 4092 Al'ywrrov
1323 4026 1380 4054 -·
1405 4009 1439 4072 οἱ
1456 4006 1494 4073 δὲ

188 4116 322 4201 λέγουσι
337 4111 559 4201 ἀπικομένους
572 4140 606 4181 τε
622 4115 654 4192 ές
669 4122 841 4199 Αἴγυπτον
856 4164 952 4180 .....
968 4109 1090 4192 αὐτοὺς
1105 4110 1304 4201 ἀποδρῆναι.
1322 4153 1357 4162 -
1378 4114 1494 4180 Utrum

190 4219 235 4301 ὡς
257 4248 299 4290 an
323 4221 374 4291 ὅτι
402 4248 445 4290 an
472 4246 536 4290 acc.
560 4246 632 4290 cum
655 4225 712 4289 inf.
737 4223 928 4288 adhibeatur
955 4224 1147 4287 inveritate
1175 4245 1285 4287 corum
1314 4245 1395 4309 quae
1422 4243 1494 4287 nar-

281 4495 306 4557 1)
326 4489 428 4543 Contra
442 4488 616 4556 Madvigium
634 4491 697 4545 vide
716 4489 800 4544 etiam
816 4489 847 4544 Ο,
863 4488 1009 4558 Riemann,
1027 4490 1120 4545 Revue
1140 4489 1175 4542 de
1190 4487 1356 4557 Philologie,
1373 4488 1491 4543 vouvr.

190 4599 216 4650 p.
233 4586 265 4634 73
280 4595 356 4647 seqq
392 4576 436 4631 Ibi
454 4577 578 4631 invenies
598 4580 726 4648 exemplu
744 4595 778 4632 ex
796 4577 892 4649 Thuc,
911 4577 1068 4648 Aristoph.‚
1086 4578 1169 4644 Xen.‚
1189 4577 1276 4646 Plat.‚
1296 4579 1393 4645 Isocr„
1413 4578 1495 4631 Dem.

191 4669 317 4723 collecta.
