3360 5310
776 368 988 431 -40-

322 528 395 594 Huc
413 529 526 614 refer0,
549 551 621 593 cum
640 527 909 612 significationem
928 527 1070 592 habeant
1088 528 1339 612 restringentem
1359 533 1454 612 atque
1474 527 1531 591 cir-

235 636 509 719 cumscribentem,
533 636 622 700 locos
640 635 696 699 ubi
716 629 761 711 ὡς
784 655 856 700 curn
875 633 1038 699 infinitivo
1057 635 1262 719 coniungitur
1286 637 1466 719 sequentes:
1489 628 1533 710 ὡς

236 739 436 827 ἐπεικάσαιῑ)
465 739 517 829 (ut
543 742 727 807 coniectura
753 742 862 826 colligi
885 741 974 825 licet,
1003 738 1114 826 Valla)
1137 740 1194 820 IX,
1213 742 1264 806 32.
1301 734 1345 816 ὡς
1372 735 1533 827 εἰκάσαιῖ)

235 848 291 938 (si,
320 850 370 915 vel
399 852 554 934 quantum
582 871 768 933 comparare
795 846 886 934 licet)
909 848 965 929 IX,
984 850 1035 914 34.
1067 885 1106 895 —
1136 846 1180 926 ὥς
1207 846 1276 934 νε3)
1300 842 1386 913 εἶναι
1412 844 1533 931 σμικρὰ

234 965 335 1023 ταῦτα
355 952 526 1041 μεγάλοισι
545 958 726 1039 συμβαλεῖν
744 954 786 1041 H,
804 957 853 1022 10.
868 992 910 1002 -
925 949 970 1033 ὡς
993 951 1078 1020 εἶναι
1096 963 1198 1021 ταῦτα
1222 949 1343 1039 σμικρὰ
1362 951 1534 1038 μεγάλοισι

236 1060 470 1148 σνμβάλλειν4)
493 1062 549 1146 IV,
568 1063 619 1127 99.
645 1099 682 1110 -
709 1056 753 1138 ὡς
777 1061 837 1146 μέν
860 1087 926 1127 νυν
949 1060 985 1127 ἐν
1009 1062 1165 1150 ἐλαχίστῳ
1191 1062 1338 1145 δηλῶσαι
1361 1060 1403 1145 ΙΙ,
1422 1061 1474 1126 24.
1493 1099 1532 1106 —

236 1166 279 1248 ὡς
299 1167 335 1235 dl
355 1169 391 1235 ἐν
409 1169 525 1235 πλέονι
543 1164 631 1254 λόγῳ
652 1169 799 1252 δηλῶσαι
818 1167 860 1252 ll,
878 1170 931 1235 24.
947 1205 984 1214 —
1003 1163 1046 1245 ὡς
1064 1163 1152 1257 λόγῳ
1173 1165 1309 1253 claram)
1328 1167 1371 1253 H,
1391 1169 1534 1254 15,134;

234 1277 293 1363 III,
313 1279 342 1343 6.
364 1314 399 1323 --
423 1275 477 1341 sed
502 1269 546 1353 ὡς
569 1277 673 1339 εἰπεῖν
692 1271 780 1364 λόγῳ
799 1276 840 1354 ll,
860 1278 911 1358 37,
925 1276 977 1342 53.
1014 1274 1062 1340 De
1080 1276 1176 1340 huius
1191 1275 1350 1340 formulae
1369 1298 1428 1341 usu
1445 1273 1536 1340 Stein

236 1385 275 1451 ad
298 1384 341 1471 H,
359 1386 399 1449 21
425 1383 545 1468 optimc
568 1387 674 1447 notat:
700 1378 764 1469 „cic
791 1380 879 1472 λόγῳ
908 1384 1012 1448 εἰπεῖν
1042 1381 1220 1468 gebraucht
1247 1382 1329 1447 auch
1352 1382 1535 1448 Herodotus

236 1515 297 1557 nur
325 1513 379 1555 um
407 1491 500 1554 einen
526 1489 571 1553 im
600 1488 760 1575 Umfange
788 1489 1033 1555 iibertriebenen
1062 1488 1231 1553 Ausdruck
1261 1489 1309 1554 als
1338 1489 1471 1554 solchen
1497 1513 1536 1554 zu

234 1598 427 1664 bezeichnen
450 1597 515 1660 und
539 1620 578 1660 uu
597 1594 868 1681 entschuldigen“.
914 1596 1037 1660 Eodem
1056 1595 1151 1660 modo
1172 1600 1345 1680 usurpatur
1368 1590 1412 1673 ὡς
1431 1599 1536 1662 εἰπεῖν

235 1704 325 1790 VIII,
346 1704 430 1791 115.Ι
458 1703 603 1768 Eandem
627 1703 798 1768 formulam
822 1703 978 1786 praebent
997 1703 1120 1768 codices
1139 1702 1164 1766 P
1185 1703 1213 1767 R
1236 1707 1270 1767 et
1293 1704 1391 1769 editio
1417 1703 1536 1769 Aldina

237 1811 388 1896 111,140‚
417 1810 573 1894 probante
598 1810 689 1893 male,
712 1813 801 1895 puta,
825 1806 956 1873 Steinio.

791 2310 912 2404 Caput
939 2311 981 2384 X.

601 2468 645 2532 ὼε
674 2483 742 2531 cum
765 2467 947 2551 participiis
970 2467 1179 2534 coniunctum.

328 2610 400 2676 Hoc
423 2611 457 2675 in
480 2611 584 2693 capite
607 2610 754 2674 tractabo
778 2610 867 2676 locos
891 2615 1018 2696 praeter
1042 2634 1097 2677 eos
1121 2612 1176 2696 qui
1199 2612 1231 2676 in
1253 2610 1332 2696 Cap.
1346 2611 1419 2677 VII.
1449 2614 1540 2677 allati

241 2723 317 2785 sunt
340 2738 450 2784 omnes
474 2717 529 2781 ubi
553 2711 597 2792 ὡς
621 2739 693 2781 curn
717 2717 887 2802 participio
912 2719 1118 2783 coniunctum
1141 2719 1313 2783 invenitur.

329 2826 378 2891 De
401 2826 434 2889 vi
457 2823 633 2907 particulae
657 2823 691 2886 in
714 2822 775 2887 hac
795 2827 1032 2893 constructione
1051 2826 1256 2890 consentiunt
1274 2827 1360 2891 inter
1381 2850 1415 2893 so
1434 2849 1541 2912 gram·

130 2960 133 2967 ·
241 2932 365 3016 matici3
397 2953 471 2994 narn
500 2951 626 3015 omncs,
654 2932 810 3013 quantum
839 2931 920 3009 scio,
951 2935 1099 2996 statuunt
1127 2954 1197 2997 eam
1227 2933 1368 2998 indicare
1394 2934 1427 2998 id
1455 2935 1541 3019 quod

332 3198 358 3265 1)
377 3195 431 3249 Pro
450 3189 600 3248 ἐπεικάσαι
613 3194 713 3263 legunt
727 3193 836 3250 codices
852 3196 966 3264 quidam
984 3197 1031 3250 sed
1050 3213 1105 3251 non
1120 3197 1219 3267 optimi
1234 3192 1397 3252 ἀπεικάσαι.
1419 3197 1541 3253 Verbum

244 3284 304 3340 ἐστί
320 3284 394 3354 quod
413 3283 523 3338 codices
541 3281 656 3352 plurimi
674 3286 739 3353 post
758 3280 907 3339 ἐπεικάσαι
926 3285 971 3339 vel
990 3281 1143 3339 ἀπεικάσαι
1163 3288 1305 3356 praebent,
1325 3286 1445 3342 editores
1464 3289 1539 3344 recte

243 3375 383 3430 omittunt.
453 3424 461 3444 Ι

332 3468 359 3533 2)
377 3463 430 3517 Pro
450 3457 612 3531 αἰνεόμενος
635 3461 763 3516 codicum
785 3461 851 3532 lego
871 3461 1008 3518 Steinium
1032 3480 1148 3532 sequens
1170 3462 1360 3534 αἰτεομένους.
1399 3465 1428 3519 Si
1447 3470 1542 3521 autem

243 3554 431 3609 coniecturam
445 3550 553 3606 Reiskii
567 3547 735 3619 αἰτεόμενον
749 3553 888 3621 acceperis
903 3554 933 3606 et
946 3549 983 3614 ὡς
997 3548 1110 3607 εἰκάσαι
1129 3568 1210 3608 sensu
1230 3553 1272 3608 ‘ut
1291 3555 1447 3610 coniectare
1461 3554 1540 3610 licet’

219 3714 221 3719 Ι
244 3641 427 3708 intellexeris,
447 3639 515 3695 locis
533 3638 564 3693 in
582 3638 742 3708 parenthesi
761 3639 872 3708 positis,
892 3640 926 3694 de
946 3640 1048 3707 quibus
1067 3639 1096 3694 in
1116 3640 1181 3711 Cap.
1197 3642 1223 3695 ll
1242 3642 1352 3712 scripsi,
1375 3642 1449 3698 hunc
1468 3660 1543 3699 com-

242 3733 351 3788 modius
370 3746 541 3787 annumeres

333 3824 360 3891 3)
388 3815 425 3883 άς
452 3839 482 3889 γε
510 3836 560 3888 pro
589 3813 657 3874 ὥστε
688 3818 815 3874 codicum
848 3818 1016 3889 optimorum
1050 3818 1175 3876 scribunt
1207 3821 1329 3875 editores
1355 3839 1411 3877 non
1438 3838 1544 3891 omnes,

245 3908 508 3979 Schweighaeusero
530 3910 689 3977 praeeunte.
726 3908 887 3964 Lectionem
910 3925 981 3964 ωσκε
1005 3908 1139 3978 exemplis
1158 3926 1176 3964 a
1195 3910 1312 3964 Baehric
1332 3912 1368 3966 ad
1386 3913 1479 3968 locum
1498 3914 1545 3968 vel

245 3999 465 4055 aStallbaumio
488 3999 524 4054 ad
546 3997 618 4052 Plat.
637 3997 755 4053 Phaedr.
775 3997 860 4053 230ss
880 3998 1004 4054 collectis
1027 3997 1139 4053 defendi
1161 4016 1216 4054 non
1239 4015 1322 4069 posse
1346 3999 1545 4058 animadvertit

246 4089 306 4144 iure
324 4088 474 4144 Heilmann
493 4089 511 4143 l.
526 4088 544 4142 l.
559 4106 586 4157 p.
602 4094 626 4143 6.

334 4181 362 4249 4)
382 4178 428 4232 Sic
448 4177 525 4232 Stcin
544 4194 559 4232 e
579 4177 705 4232 codicum
723 4181 835 4247 praetor
848 4176 873 4230 R
888 4176 1012 4231 omnium
1032 4176 1208 4232 auctoritate.
1236 4178 1281 4231 Me
1295 4180 1388 4233 autem
1406 4197 1470 4234 usus
1485 4180 1544 4236 iere

247 4268 377 4324 constans
401 4266 533 4322 infinitivi
551 4266 648 4322 coristi
666 4265 804 4320 similibus
825 4266 895 4321 locis
914 4265 1029 4321 adducit
1046 4269 1078 4320 ut
1095 4266 1251 4336 praeferam
1272 4265 1446 4339 συμβαλέειν,
1467 4271 1543 4337 quod

246 4375 261 4413 e
280 4356 377 4411 codice
395 4355 421 4409 R
439 4355 576 4424 Gaisford,
594 4355 694 4421 Baehr,
715 4355 839 4422 Dindorf,
859 4357 984 4426 Kruegcr
1002 4357 1174 4425 receperunt.

249 4483 252 4488 ·
337 4448 363 4516 ὁ)
383 4445 460 4500 Hanc
484 4445 634 4500 formulam
647 4444 797 4499 Heilmann
821 4445 851 4513 (l.
862 4443 880 4498 l.
891 4463 917 4514 p.
930 4447 958 4513 ὅ)
981 4444 1187 4515 interpretatur,
1214 4446 1257 4499 ‘ut
1275 4445 1384 4516 vulgari
1397 4446 1545 4515 proverbio

246 4535 332 4590 utar’.
368 4534 439 4591 Mihi
461 4535 556 4590 autem
584 4534 693 4589 videtur
720 4534 789 4588 haec
813 4534 1010 4604 interpretatio
1034 4550 1126 4604 neque
1149 4533 1178 4589 in
1196 4533 1231 4602 Il,
1248 4539 1282 4589 15
1302 4551 1390 4604 nequo
1416 4535 1446 4588 in
1464 4535 1545 4604 III,6

248 4623 408 4690 convenire;
427 4639 478 4676 nec
497 4637 563 4678 voro
582 4639 692 4678 sensum
710 4621 798 4678 habet
815 4621 903 4677 alium
921 4638 955 4678 ac
973 4622 1092 4678 formula
1111 4618 1148 4685 ὡς
1168 4621 1267 4690 εἰπεῖν,
1286 4640 1368 4692 quum
1388 4623 1421 4676 Η.
1440 4622 1546 4679 ibidem

247 4713 348 4782 reddit,
370 4713 413 4767 ‘ut
431 4711 473 4766 ita
491 4711 604 4767 dicam’.
641 4711 734 4768 Velim
753 4711 879 4766 conferas
899 4710 972 4781 VIII,
990 4717 1039 4766 115
1059 4730 1122 4766 cum
1140 4711 1226 4780 111,c.
