3360 5310
728 335 948 397 „29-

273 491 310 581 b)
338 489 386 572 ὡς
418 517 488 559 oum
523 500 588 579 opt.
616 494 793 580 praesentis
828 493 916 576 VIII,
937 495 987 558 m.
1038 492 1270 559 Coniunctivus
1304 495 1483 577 praesentis
1603 558 1605 562 ,

183 624 256 666 cum
280 601 423 685 optatiuo
447 603 626 686 praesentis
651 601 821 685 copulatur
843 601 868 685 I,
886 598 1061 687 185·(vide
1084 624 1182 685 supra
1206 623 1277 686 pag.
1298 598 1364 686 λλ.)

275 704 307 794 o)
331 703 377 786 ὡς
400 730 470 774 cum
495 713 560 792 opt.
585 703 698 773 aoris'ti
721 707 760 791 V,
775 708 832 788 333
858 703 946 791 VIII,
965 709 1017 792 163
1041 706 1097 791 IX,
1112 708 1164 771 51.

331 810 375 891 ὡς
398 811 441 880 ἄν
466 837 538 880 cum
562 816 642 880 coni.
666 837 767 899 praes.
791 814 848 897 IX,
864 816 892 879 λ.

272 946 288 984 ο
328 918 372 998 ὡς
396 917 441 1000 ίίυ
464 945 535 988 cum
560 926 625 1007 opt.
649 944 752 1006 praee.
779 921 815 1004 V,
830 923 881 986 37.

272 1027 301 1115 f)
331 1024 373 1105 ὡς
396 1024 439 1094 ἄν
464 1052 535 1095 cum
560 1031 641 1094 coni.
665 1029 778 1093 coristi
802 1028 827 1109 I,
843 1029 873 1112 5,
897 1031 948 1092 24.

273 1137 308 1221 g)
333 1131 377 1212 ὡς
400 1132 444 1202 ἄν
468 1160 539 1201 cum
565 1141 629 1221 opt.
654 1159 718 1201 aor.
742 1135 767 1220 I,
785 1136 862 1218 1523
886 1134 961 1219 VII,
978 1136 1053 1218 1763
1078 1134 1170 1218 VIII,
1186 1137 1220 1213 V,
1246 1134 1367 1218 1X‚22.

273 1243 329 1326 IX,
348 1244 388 1308 51
422 1244 591 1329 copulatur
620 1265 691 1308 oum
721 1247 787 1327 opt.
817 1243 928 1307 coristi
957 1247 1031 1326 post
1059 1236 1103 1318 ὡς
1132 1240 1175 1306 ίίν
1204 1243 1368 1327 optativus
1396 1266 1486 1326 prae·

188 1330 301 1428 sentio,
321 1356 358 1414 ut
380 1350 515 1436 videtur,
539 1350 622 1435 quod
646 1351 736 1414 notio
761 1350 941 1433 praesentis
964 1350 1130 1434 premItur.

264 1451 322 1533 ,ὡς
352 1458 392 1522 ab
421 1459 518 1522 verbo
542 1458 709 1522 vocabulis
734 1457 951 1541 compluribus
981 1457 1182 1540 interpoSItis
1207 1461 1389 1541 separatum
1414 1479 1484 1541 par·

185 1565 285 1629 IIcuIa
308 1564 365 1629 ἵνα
388 1565 502 1649 recipit
523 1564 615 1650 VIII,
636 1565 677 1629 76
706 1564 737 1641 ἐς
766 1561 802 1629 δὲ
821 1561 883 1649 την
906 1565 1028 1648 νησῖδα
1050 1559 1113 1648 την
1140 1562 1350 1630 Ψυττάλειαν
1373 1569 1486 1628 καλεο-

185 1668 290 1755 μένην
322 1667 521 1760 ἀπεβίβαζον
554 1673 621 1735 τῶν
651 1670 809 1756 Περσέων
840 1673 946 1736 τῶνδε
974 1671 1115 1754 εἵνεκεν,
1151 1665 1198 1750 ὡς
1229 1668 1327 1736 ἐπεὰν
1355 1673 1486 1755 γίνηται

185 1781 369 1864 ναυμαχίη,
402 1779 551 1844 ἐνθαῦτα
584 1775 725 1863 μάλιστα
759 1777 979 1861 ἐξοισομένων
1011 1780 1079 1844 τῶν
1109 1802 1143 1843 τε
1171 1772 1308 1863 ἀνδρῶν
1336 1777 1390 1842 καὶ
1418 1780 1486 1844 τῶν

185 1890 356 1970 ναυηγίων
385 1887 435 1968 (έν
464 1881 528 1969 γὰρ
557 1882 598 1970 δὴ
627 1882 720 1974 πόρῳ
753 1888 811 1968 τῆς
838 1889 1022 1970 ναυμαχίης
1049 1886 1107 1970 τῆς
1134 1884 1319 1970 μελλούσης
1347 1888 1483 1949 ἔσεσθαι

186 1995 289 2059 έκειτο
312 1988 333 2078 η
357 1991 485 2080 νῆσος),
508 1994 565 2058 ἵνα
588 1988 667 2071 τοὺς
689 1990 749 2076 μὲν
773 1991 1001 2078 περιποιέωσι,
1024 1987 1103 2069 τοὺς
1127 1989 1164 2057 δὲ
1188 1993 1420 2077 διαφθείρωσι.

274 2100 505 2185 Exemplorum
538 2101 743 2165 laudatorum
775 2101 928 2185 negativa
961 2104 1038 2178 sunt
1064 2099 1090 2182 I,
1112 2103 1139 2183 1,
1167 2100 1197 2183 5,
1227 2102 1276 2182 11,
1306 2099 1377 2182 155,
1408 2099 1481 2180 159;

179 2207 246 2292 ΙΙΙ,
264 2209 339 2292 14οχ
363 2207 419 2293 IV,
436 2210 512 2292 1873
536 2206 628 2292 VIII,
644 2209 695 2272 76.
733 2206 912 2271 Memoratu
932 2207 1065 2291 dignum
1086 2214 1136 2270 est
1155 2205 1304 2270 omnibus
1324 2206 1374 2270 his
1398 2206 1487 2287 Iccio,

185 2315 325 2398 exceptis
362 2318 488 2379 tuntum
522 2313 579 2391 IV,
601 2315 662 2378 187
697 2318 729 2377 et
760 2312 853 2396 VIII,
874 2315 930 2397 76,
966 2312 1022 2376 ubi
1054 2334 1208 2396 praesens
1239 2316 1412 2396 usurpatur
1444 2348 1487 2358 —

185 2425 363 2505 propterea,
381 2427 417 2486 ut
436 2421 571 2502 videtur,
586 2421 662 2504 quia
681 2421 748 2484 eius
768 2421 893 2485 notioni
912 2421 961 2484 vis
980 2421 1134 2484 tribuItur
1146 2421 1331 2484 -verbum
1350 2420 1487 2484 formam

187 2529 302 2590 coristi
330 2528 457 2592 habere.
508 2525 600 2591 Duae
629 2527 808 2591 sententiae
836 2527 1007 2612 negatiuae
1036 2528 1230 2610 copulantur
1257 2549 1314 2610 per
1342 2523 1422 2610 μήτε
1443 2563 1487 2572 -

187 2630 266 2717 μήτε
289 2635 312 2715 I,
329 2637 356 2718 1,
382 2634 457 2716 1553
481 2637 626 2717 μοικαί,
651 2630 694 2717 μή
719 2656 784 2698 non
808 2635 955 2719 repetito,
978 2632 1034 2719 IX,
1049 2633 1100 2698 51.

274 2739 366 2815 Quod
397 2740 435 2805 ad
469 2742 649 2804 sententiae
679 2742 786 2805 finalis
816 2740 1063 2805 collocationem
1091 2742 1221 2824 attinet,
1249 2741 1487 2805 observandum

187 2849 236 2909 est
259 2849 287 2911 ei
312 2848 507 2911 sententiam
531 2848 717 2930 primariam
743 2869 867 2930 semper
892 2847 1089 2911 antecedere.

278 2953 317 3017 In
340 2952 382 3037 II,
396 2953 438 3016 99
464 2951 552 3017 Stein
576 2951 642 3035 ῥέει
666 2953 812 3018 codicum
841 2954 874 3016 in
905 2951 962 3038 ρέη
991 2953 1155 3039 corrigens
1179 2954 1273 3039 legit:
1301 2956 1349 3018 ἔτι
1374 2951 1411 3017 δὲ
1434 2952 1487 3018 καὶ

187 3067 252 3124 νῦν
276 3054 341 3124 ὑπὸ
367 3059 527 3143 Περσέων
551 3054 569 3123 ὁ
594 3055 705 3142 ιἰγιιών
729 3048 826 3137 οὗτος
848 3061 908 3125 τοῦ
928 3063 1055 3126 Νείλου
1078 3053 1123 3137 ὥς
1141 3055 1346 3144 ἀπεργμένος
1369 3060 1426 3146 ῥέη
1452 3061 1488 3126 έν

187 3172 351 3252 φυλακῇσι
377 3163 537 3252 μεγίλησι
562 3169 677 3251 έχεται.
715 3167 761 3231 At
780 3167 887 3251 ceteri,
911 3167 994 3252 quod
1016 3167 1124 3252 sciam,
1147 3168 1287 3232 editores
1311 3168 1490 3251 probarunt

186 3274 304 3339 codicis
328 3275 348 3338 d
372 3275 579 3359 scripturam:
603 3268 640 3350 ὃς
660 3268 864 3357 ἀπεργμένος
883 3272 959 3356 ῥέει.
997 3273 1144 3338 Lectioni
1164 3272 1279 3338 Steinii
1299 3275 1383 3338 hunc
1402 3278 1489 3338 ante-

186 3381 269 3465 fer0,
296 3383 449 3465 primum,
479 3381 563 3466 quod
588 3403 715 3461 sensus,
745 3403 838 3466 quem
862 3382 1010 3466 praebet,
1038 3381 1143 3463 magis
1167 3381 1287 3466 placet,
1316 3404 1392 3445 nam
1417 3404 1489 3445 cum

186 3488 343 3553 indubio
372 3511 442 3554 esse
471 3511 535 3552 non
564 3489 670 3572 possit
698 3510 754 3552 our
783 3489 901 3552 flumen
930 3509 1049 3571 magna
1072 3510 1145 3552 cunr
1168 3510 1246 3551 cura
1270 3488 1489 3570 custodierint,

186 3616 318 3678 prorsus
341 3596 434 3660 inune
459 3600 544 3659 esset
563 3590 606 3671 ως
625 3590 831 3679 ἀπεργμένος
854 3594 926 3680 ῥέηε
951 3595 1072 3676 deinde,
1096 3589 1182 3678 quod
1203 3596 1364 3658 sententia
1383 3595 1488 3657 finalis

188 3702 361 3785 primariae
385 3703 565 3766 sententiae
588 3724 754 3787 nunquam
783 3704 951 3784 inseritur,
980 3702 1034 3765 sed
1063 3723 1133 3765 eam
1163 3723 1303 3786 semper,
1332 3705 1369 3765 ut
1392 3723 1490 3784 supra

188 3809 262 3894 dixi,
285 3811 439 3894 sequitur.

275 3916 351 3981 Loci
371 3922 542 4001 sequentes
562 3917 602 3980 ab
622 3917 727 3981 verbis
747 3916 890 3999 curandi,
910 3913 1070 3977 efficiendi
1090 3914 1185 3977 simil.
1204 3914 1391 3997 pendentes,
1414 3915 1490 3977 licet

188 4022 227 4086 ad
251 4045 344 4087 usum
373 4024 544 4088 relativum
573 4024 703 4107 proprie
731 4019 962 4108 pertineam),
991 4020 1045 4083 hio
1074 4020 1253 4084 afferuntur
1276 4021 1361 4104 quod
1385 4022 1489 4086 notio·

188 4151 260 4193 nem
288 4131 415 4194 consilii
446 4132 625 4195 continent:
654 4128 715 4213 III,
735 4130 778 4194 84
802 4128 837 4192 οί
863 4126 900 4191 δὲ
928 4124 1039 4191 λοιποὶ
1068 4129 1136 4191 τῶν
1165 4122 1243 4190 ἑπτὰ
1267 4123 1487 4209 ἐβουλεύοντο

189 4230 232 4311 ὡς
259 4235 397 4319 βασιλέα
425 4232 615 4301 δικαιότατα
644 4233 832 4319 στήσονται.
881 4233 942 4318 ΙΙΙ,
963 4234 1025 4298 159
1056 4228 1100 4310 ὡς
1128 4228 1159 4297 d'
1180 4233 1302 4329 Ιἕξουσι
1329 4245 1490 4317 γυναῖκας

189 4343 224 4406 οί
254 4339 466 4426 Βαβυλώνιοι
496 4343 553 4407 ἵνα
581 4359 640 4427 σφι
667 4338 765 4427 γενεὴ
793 4337 1008 4425 ὑπογίνηται,
1044 4340 1124 4405 τάδε
1158 4347 1302 4425 Δαρεῖος
1338 4338 1489 4425 προϊδών

189 4449 376 4533 ἐποίησε-
396 4448 470 4534 VII,
486 4449 546 4512 161
574 4445 619 4525 ὡς
643 4446 680 4514 δὲ
703 4445 938 4533 στρατηγήσεις
961 4442 1061 4531 αὐτῆς
1085 4451 1219 4531 γλίχεαι.
1234 4484 1278 4493 -
1292 4447 1489 4512 Particulum

282 4683 306 4746 1)
325 4677 378 4734 Otr.
400 4679 519 4748 Curtius,
538 4679 767 4747 ErIt'cutcrungcn.
797 4697 823 4746 p.
841 4683 989 4732 roo-196.
