3360 5310
725 351 941 415 ...44-

188 511 328 593 ponitur,
346 511 408 576 nisi
433 512 488 575 ubi
512 534 582 576 cum
606 512 843 594 praepositione
863 511 1069 577 construitur.
1106 512 1165 577 His
1189 514 1268 578 locis
1291 513 1486 598 praepositio

190 619 275 682 inter
298 612 343 694 ὡς
366 621 398 682 et
422 619 613 683 vocabulum
637 619 677 683 ad
701 619 786 703 quod
809 620 963 704 pertinet,
986 619 1213 704 interponitur.

275 724 434 809 Exempla
453 730 540 790 eunt:
565 725 605 811 lI,
627 727 688 792 138
713 720 757 802 ὡς
780 725 945 809 τεσσέρων
968 725 1135 810 πλέθρων.
1180 727 1300 809 11125
1325 721 1369 802 ὡς
1391 725 1487 791 πέντε
1514 725 1517 729 ’

186 830 359 918 μνρροίδας.
405 833 448 900 65
480 828 622 918 ἡμέρῃσι
650 829 687 898 δὲ
710 827 852 916 ὕστερον
876 828 922 910 ὡς
946 838 1059 898 εἴκοσι.
1104 832 1161 915 IV,
1187 833 1249 898 195
1283 826 1327 908 ὡς
1350 831 1487 915 τέσσερα

187 935 314 1005 στάδια.
355 940 429 1019 Vll,
449 931 492 1006 22
516 935 560 1016 ὡς
584 935 736 1004 δυώδεκα
759 940 913 1006 σταδίων.
950 938 1043 1023 VIII,
1064 941 1107 1004 24
1130 933 1175 1015 ὡς
1198 941 1333 1022 χιλίους.
1369 939 1426 1024 ΙΧ,
1445 941 1486 1004 29

189 1040 234 1121 ὡς
257 1037 312 1122 εἷς.
359 1048 401 1114 93
425 1042 470 1139 ὡς
493 1044 660 1132 ἑξήκοντα.

275 1151 377 1236 Saepe
405 1153 535 1219 additur
564 1155 750 1218 adverbium
778 1154 995 1236 indefinitum,
1024 1176 1160 1238 quocum
1184 1175 1324 1238 semper,
1353 1157 1486 1238 excepto

186 1262 314 1323 tantum
343 1259 401 1345 III,
424 1262 444 1326 3
469 1263 540 1325 ἔτεα
564 1256 608 1338 ὡς
632 1259 710 1326 δέκα
733 1285 805 1344 xov,
830 1260 1038 1345 coniungitur
1060 1256 1209 1344 μάλιστα.
1255 1261 1279 1344 I,
1301 1262 1361 1326 191
1388 1256 1431 1338 ὡς
1454 1261 1487 1338 ἐς

186 1364 289 1447 μέσον
311 1361 420 1450 μηρὸν
444 1363 586 1450 μάλιστα
608 1392 658 1455 xp.
691 1369 733 1452 II,
751 1370 814 1435 130
834 1362 878 1444 ὡς
897 1373 1001 1432 είκοσι
1021 1363 1161 1449 μάλιστα
1180 1391 1230 1453 xp.
1258 1367 1315 1452 IV,
1332 1370 1395 1433 124
1414 1384 1486 1433 στα-

187 1472 280 1548 δίους
303 1464 347 1549 ὡς
371 1469 527 1557 ἑξήκοντα
550 1471 691 1559 μάλιστα
715 1499 765 1560 xp.
793 1473 833 1558 V,
852 1475 894 1540 83
913 1470 1032 1539 στάδια
1056 1471 1093 1539 δὲ
1115 1471 1258 1558 μάλιστα
1281 1498 1322 1561 xp
1346 1469 1411 1539 ἀπὸ
1430 1474 1488 1557 τῆς

185 1575 301 1655 πόλιος
324 1574 368 1657 ὡς
391 1584 495 1645 εἴκοσι
519 1578 682 1666 (omnibus
701 1583 781 1647 locis
801 1590 928 1667 praeter
946 1581 1031 1645 hunc
1050 1577 1191 1665 μάλιστα
1213 1605 1254 1666 xp
1273 1587 1349 1664 post
1370 1603 1487 1645 nomen

186 1687 349 1750 numerale
363 1684 516 1774 ponitur).
540 1687 670 1769 V11‚3o
690 1685 745 1778 δρα
766 1690 911 1753 σταδίων
931 1683 975 1764 ὡς
994 1686 1089 1753 πέντε
1108 1683 1249 1771 μάλιστα
1266 1712 1318 1773 xp.
1341 1687 1430 1770 VIII,
1444 1688 1484 1752 31

186 1786 231 1869 ὡς
244 1789 422 1877 τριήκοντα
437 1795 582 1860 σταδίων
597 1792 738 1879 μάλιστα
752 1821 802 1883 xp.
816 1797 871 1877 IX,
885 1798 924 1864 15
940 1791 981 1861 od
996 1793 1109 1879 μέντοι
1123 1790 1161 1860 τό
1176 1805 1332 1879 pracipes
1345 1795 1485 1860 τοσοῦτο

188 1898 343 1983 ἐποιέετο,
367 1896 438 1965 ἀλλ’
465 1895 510 1978 ὥς
533 1899 585 1967 ixl
610 1901 688 1968 δέκα
713 1906 869 1980 σταδίους
891 1900 1033 1988 μάλιστα
1054 1926 1095 1988 xp
1119 1901 1276 1986 μέτωπον
1295 1900 1442 1966 ἕκαστον.

276 2005 459 2073 Memoratu
492 2013 543 2074 est
572 2010 705 2096 dignum
734 2013 801 2076 sine
829 2005 874 2088 ὦς
902 2015 934 2075 et
960 2035 1022 2075 κον
1049 2006 1190 2094 μάλιστα
1218 2014 1250 2075 et
1277 2005 1419 2094 μάλιστά
1446 2032 1487 2093 xp

187 2113 298 2177 eadem
331 2114 564 2199 significatione
597 2119 754 2203 usurpari.
800 2118 957 2203 Exempla
985 2116 1073 2181 illius
1102 2116 1245 2181 invenies
1275 2116 1301 2202 I,
1319 2116 1390 2200 119,
1416 2115 1489 2198 186,

187 2219 252 2283 209
277 2220 367 2306 alibi3
390 2221 485 2287 huius
510 2222 602 2309 VIII,
617 2226 647 2309 8,
671 2225 713 2291 65
736 2231 770 2290 et
793 2248 897 2312 saepe.

276 2327 420 2392 Eandem
443 2331 508 2394 vim
531 2329 672 2419 tribu01)
695 2334 869 2418 particulae
889 2328 935 2408 ὡς
957 2332 990 2396 iu
1010 2331 1228 2396 locutionibus
1248 2323 1292 2408 ὡς
1310 2325 1347 2396 τὸ
1368 2329 1488 2396 έαίτταν

187 2432 319 2520 1v‚ca;
342 2433 415 2520 vn,
434 2436 486 2522 σο,
512 2437 589 2523 1575
613 2438 702 2524 vin,
717 2441 786 2522 607
809 2443 842 2504 a
866 2432 910 2516 ag
934 2436 1052 2503 saraae
1075 2438 1118 2522 u,
1138 2436 1221 2523 aar)

727 2924 848 3018 Caput
875 2925 951 2998 Xll.

678 3083 721 3147 viic
745 3082 995 3148 consecutivum.

278 3221 514 3290 Sententiarum
549 3227 826 3292 consecutivarum
858 3232 890 3290 et
917 3223 1209 3309 comparativorum
1238 3223 1300 3288 hoc
1327 3225 1378 3286 est
1405 3244 1488 3287 com-

190 3350 285 3393 mune
314 3335 350 3395 ut
378 3333 566 3416 qualitatem
596 3334 646 3397 vel
676 3333 888 3419 quantitatem
916 3332 1091 3417 praedicati
1116 3331 1294 3396 sententiae
1316 3330 1488 3414 primariae

189 3437 382 3505 describant.
427 3439 473 3508 Ilo
498 3445 604 3506 autem
628 3441 779 3506 differunt
802 3441 886 3526 quod
910 3441 943 3504 in
967 3438 1134 3504 sententiis
1159 3438 1389 3522 comparativis
1413 3459 1488 3521 qua-

192 3544 267 3609 litas
291 3547 341 3611 vel
366 3548 532 3632 quantitas
557 3549 731 3633 praedicati
756 3550 934 3613 sententiae
956 3547 1129 3633 primariae
1148 3545 1303 3629 qualitate
1323 3544 1372 3608 vel
1392 3566 1488 3628 quan-

188 3653 282 3717 titate
316 3654 399 3719 alius
432 3656 610 3738 praedicati
643 3656 805 3741 definitur3
837 3657 871 3720 in
899 3654 1067 3720 sententiis
1097 3651 1309 3718 consecutivis
1337 3671 1375 3714 eo
1403 3650 1488 3734 quod

190 3761 374 3843 praedicato
399 3763 470 3847 ipso
495 3764 633 3829 efficitur
656 3765 706 3828 vel
729 3763 958 3848 efficipotesc·
990 3762 1079 3840 Quae
1098 3783 1170 3826 cum
1190 3761 1237 3824 ita
1256 3758 1329 3842 sint,
1353 3757 1487 3822 eandem

189 3868 380 3952 particulam
413 3870 446 3932 in
475 3871 640 3955 utriusque
673 3871 758 3936 modi
788 3869 956 3934 sententiis
986 3864 1167 3955 usurpari⁸)
1195 3866 1284 3930 nulla
1312 3869 1362 3930 est
1391 3886 1515 3951 causa⁵

190 3997 246 4040 cur
276 3976 443 4062 miremur,
471 3999 574 4062 neque
602 3978 749 4042 dubitare
777 3999 949 4064 possumus
973 3977 1051 4061 quin
1075 3997 1150 4039 usus
1175 3974 1243 4038 eius
1266 3971 1487 4038 consecutivus

190 4104 228 4147 ex
261 4086 479 4170 comparativo
511 4108 571 4150 usu
598 4090 694 4151 natus
723 4082 807 4172 sitt)
853 4084 889 4148 ln
920 4083 1081 4149 sententia
1107 4080 1262 4165 primaria
1289 4080 1487 4145 demonstra·

281 4263 308 4329 1)
329 4259 383 4318 cfr.
408 4261 662 4331 Schweighaeuser.
694 4261 750 4314 Lex
773 4260 875 4315 Herod.
900 4278 919 4313 s.
945 4254 981 4321 ὡς
1000 4257 1073 4326 VIII,
1098 4259 1127 4311 et
1144 4256 1249 4312 Wisen.
1269 4258 1298 4325 (l.
1313 4257 1332 4311 l.
1346 4275 1372 4326 p.
1388 4258 1432 4324 24)
1451 4254 1487 4310 de

191 4348 275 4404 simili
294 4349 414 4406 formula
432 4347 469 4414 ὡς
488 4347 534 4407 ἐπὶ
552 4348 583 4406 τὸ
602 4348 682 4407 πολύ.

279 4441 306 4511 2)
325 4441 385 4496 Hoc
408 4459 518 4510 quoque
542 4442 604 4497 loco
629 4436 665 4503 ὡς
688 4438 719 4495 τὸ
746 4436 849 4494 ἕτίταν
867 4439 1003 4508 praebent
1031 4436 1140 4493 codices
1160 4436 1219 4503 Rd,
1244 4451 1312 4504 quos
1335 4439 1430 4490 tamen
1453 4452 1488 4490 ex

190 4529 344 4585 editoribus
361 4548 443 4586 nemo
462 4531 535 4600 quod
556 4531 643 4586 sciam
662 4532 773 4585 secutus
793 4532 843 4584 est.

279 4622 307 4690 3)
327 4620 380 4675 Ofr.
400 4621 449 4676 lat.
467 4626 514 4690 xl,
532 4619 609 4690 goth.
627 4638 681 4690 coc,
697 4638 805 4689 εναενα
823 4621 897 4690 angl.
916 4635 946 4674 so
964 4635 1003 4673 cc.

279 4711 306 4780 4)
328 4710 435 4779 Seumc,
455 4711 495 4764 De
515 4709 660 4764 sententiis
680 4709 862 4765 consecutivis
880 4708 1001 4775 Graecis,
1022 4704 1172 4775 Gottingae
1194 4709 1270 4773 1883,
1289 4721 1316 4772 p.
1333 4709 1378 4758 13:
1405 4702 1487 4757 ‘Con-
