3360 5310
708 331 927 396 ‚53-

256 493 329 576 VH,
347 494 377 581 2ἵ
410 492 617 573 ἐστασίαζον,
647 487 664 556 ὁ
695 488 755 575 μὲν
778 487 1016 575 Ἀρτοβαζάνης
1044 488 1156 556 κατότι
1186 487 1411 577 πρεσβύτατός
1438 512 1473 554 τε

168 605 218 683 είη
242 598 366 676 παντὸς
388 601 448 664 τοῦ
471 597 576 682 γόνον
599 596 653 662 καὶ
679 594 728 664 ότι
756 596 975 682 νομιζόμενον
1000 604 1050 681 εἴη
1074 594 1158 680 τιοὸς
1181 594 1316 663 πάντων
1340 591 1473 681 ἀνθρά-

167 728 240 772 πων
268 703 328 772 τόν
355 702 590 791 πρεσβύτατον
613 701 674 789 τὴν
704 698 810 790 ἀρχὴν
839 709 940 791 ἔχειν,
973 704 1095 791 Ξέρξης
1123 703 1160 771 δὲ
1188 699 1232 782 ὡς
1258 699 1413 787 Ἀτόσσης
1440 726 1475 768 τε

168 825 244 890 ταῖς
268 819 317 897 εἴη
341 815 399 894 τῆς
423 809 541 896 Κόρου
564 811 733 899 θυγατρὸς
755 811 809 877 καὶ
834 808 884 878 ότι
909 813 1020 895 Κῦρος
1044 818 1093 894 είη
1119 807 1136 877 ὁ
1160 807 1365 895 κτησάμενος
1388 822 1475 875 τοῖσι

168 917 319 1005 Πέρσησι
342 915 403 1002 τὴν
428 920 632 1004 ἐλευθερίην.
1124 919 1127 924 ’

258 1025 532 1101 Quemadmodum
560 1028 593 1091 in
624 1028 769 1093 oratione
801 1028 933 1111 obliqua
962 1027 1049 1092 modi
1078 1030 1110 1091 et
1138 1031 1285 1110 tempora
1319 1026 1476 1090 orationis

169 1138 276 1199 rectae
296 1156 390 1218 saepe
409 1135 581 1199 immutata
601 1140 778 1217 servantur,
802 1136 847 1199 ita
867 1136 901 1199 in
921 1135 1099 1198 enuntiatis
1120 1157 1201 1218 quae
1226 1134 1334 1198 allatis
1355 1132 1476 1197 similia

171 1245 247 1305 sunt
270 1262 499 1327 nonnunquam
524 1246 695 1306 occurrunt
718 1246 847 1325 tempus
872 1245 969 1325 atque
994 1239 1107 1304 modus
1131 1241 1247 1324 quibus
1274 1263 1350 1304 usus
1375 1243 1424 1303 est
1446 1240 1475 1302 is

170 1349 258 1414 cuius
283 1349 443 1413 sententia
466 1347 637 1432 affertur¹).
685 1346 755 1430 VII,
777 1349 797 1412 2
821 1347 889 1412 τῶν
913 1347 1048 1411 παίδων
1072 1341 1176 1411 αὐτοῦ
1206 1343 1318 1422 στάσις
1348 1343 1476 1428 ἐγένετο

171 1453 294 1542 μεγάλη
318 1455 393 1543 περὶ
416 1457 474 1547 της
495 1451 684 1540 ἡγεμονίης,
709 1451 754 1530 ὡς
778 1455 831 1518 δεῖ
853 1452 964 1540 (quod
988 1452 1163 1537 oporteret'
1184 1450 1291 1540 Steiu)
1315 1478 1372 1537 μιν
1397 1432 1499 1518 άττο-ι

172 1564 310 1644 δέξαντα
333 1563 469 1647 βασιλέα
492 1559 574 1627 κατὰ
598 1559 657 1628 τὸν
682 1558 973 1646 Περσέωνινόμον
998 1556 1083 1626 οὕτω
1109 1557 1357 1645 στρατεύεσθαι.
1410 1590 1416 1600 ·

261 1670 417 1736 Similiter
437 1694 473 1735 ac
493 1672 651 1756 particula
670 1671 771 1734 latina
789 1669 887 1754 quod
907 1674 981 1752 post
995 1670 1095 1734 verba
1114 1669 1284 1733 affectuum
1304 1670 1478 1752 usurpatur

173 1775 217 1857 ὡς
239 1784 314 1864 post
336 1776 449 1864 δομὸν
473 1781 525 1863 ἔχε
548 1774 682 1862 ἀγαθόν
705 1777 763 1860 ΙΙΙ,
784 1776 839 1862 853
865 1781 940 1860 post
963 1774 1182 1859 ἐκτανλέομαι
1205 1775 1261 1858 IX,
1280 1777 1331 1840 48.

717 2282 838 2375 Caput
867 2283 940 2353 XV.

689 2439 889 2523 Praepositio
913 2440 966 2504 ὡς.

266 2582 496 2671 opinionum2)
520 2584 559 2647 de
582 2583 677 2647 huius
701 2582 877 2666 particulae
897 2586 1028 2647 nostrae
1051 2605 1128 2648 usus
1153 2583 1278 2666 origine
1299 2602 1377 2664 quas
1397 2578 1484 2665 novi,

176 2694 298 2776 optime
321 2692 428 2776 placet
452 2714 490 2756 ea
513 2714 611 2776 quam
635 2690 719 2775 apud
735 2687 1012 2776 Brugrnannumi)
1036 2689 1174 2753 invenio.
1212 2687 1276 2773 „Fls
1301 2689 1331 2768 (i.
1348 2711 1373 2751 e.
1392 2708 1483 2771 prae-

176 2801 295 2884 positio
314 2793 372 2886 ὡς)
392 2800 435 2863 ist
454 2796 642 2879 identisch“‚
666 2798 781 2881 inquit,
804 2799 884 2881 „mit
903 2797 958 2861 der
977 2798 1046 2861 eine
1067 2793 1238 2882 Absicht4)
1260 2795 1484 2860 andeutenden

176 2907 319 2972 Paitikel
338 2900 383 2983 ὡς
403 2903 462 2970 ‘ut’
483 2902 583 2993 (heim
602 2909 684 2990 part
704 2902 778 2991 fut.)
798 2905 861 2969 und
882 2905 990 2969 wurde
1013 2927 1051 2968 zu
1071 2904 1159 2967 einer
1178 2903 1248 2967 Zeit
1266 2901 1484 2986 Pr’apositiom

178 3016 224 3080 als
249 3015 304 3078 der
324 3013 397 3079 Ace.
421 3036 475 3077 zur
495 3012 723 3098 Bezcichnung
747 3012 802 3075 des
823 3011 925 3076 Zieles
950 3013 1037 3076 einer
1056 3010 1242 3095 Bewegung
1264 3009 1348 3074 noch
1371 3009 1483 3072 keiner

179 3120 455 3206 prepositionalen
481 3119 589 3185 Stiitze
613 3118 787 3185 bedurfte“.

267 3228 416 3292 Editores
441 3250 521 3312 quos
545 3228 690 3293 consului
716 3249 837 3310 omnes,
861 3224 1166 3311 Schweighaeusero
1187 3227 1329 3309 excepto,
1352 3245 1485 3307 praepo·

179 3337 328 3400 sitionem
353 3331 397 3413 ὡς
419 3335 608 3421 praeferunt
631 3333 672 3420 ΙΙ,
694 3336 790 3400 121ε.
815 3330 997 3400 ἐσελθόντα
1026 3329 1064 3397 δὲ
1092 3326 1136 3409 ὡς
1164 3332 1225 3396 τοῦ
1247 3328 1401 3414 βασιλέος
1424 3325 1485 3412 τὴν

179 3440 356 3527 θυγατέρα.
1472 3421 1473 3424 ¹

269 3548 335 3616 Cur
358 3554 466 3615 autem
489 3550 551 3615 hoc
574 3571 638 3614 uno
662 3552 790 3614 tantum
811 3550 882 3614 loco
902 3549 1087 3632 accipiatur,
1111 3547 1228 3628 neseio,
1251 3546 1315 3610 nisi
1333 3546 1418 3611 forte
1438 3546 1485 3609 ibi

179 3662 306 3722 tantum
330 3660 415 3722 recte
440 3662 526 3721 stare
550 3657 612 3720 sibi
638 3660 868 3741 persuaserunt
890 3656 945 3720 ubi
969 3656 1007 3719 de
1035 3659 1126 3719 motu
1154 3653 1295 3717 hominis
1320 3653 1358 3717 ad
1381 3651 1486 3717 homi·

180 3788 254 3830 nem
283 3765 461 3830 adhibetur.
508 3761 569 3828 Sed
598 3764 721 3828 codices
750 3763 864 3848 optimi
893 3786 963 3827 eam
992 3762 1145 3827 exhibent
1171 3762 1271 3826 etiam
1301 3761 1371 3825 aliis
1398 3760 1488 3845 locis,

181 3877 217 3937 ut
239 3871 297 3955 III,
325 3872 401 3953 140,
430 3872 484 3936 ubi
508 3870 647 3937 editores
675 3872 787 3954 legunt
813 3864 834 3954 ἡ
863 3872 1018 3954 βασιληίη
1047 3865 1275 3951 παρεληλύδοι
1304 3866 1337 3944 ἐς
1363 3867 1485 3932 τοῦτον

180 3974 241 4044 τὸν
264 3974 382 4063 ἄνδρα.
417 3978 470 4044 Ita
493 3979 619 4075 codices
638 3976 663 4040 P
683 3977 712 4042 R
731 3981 763 4041 et
787 3977 885 4042 editio
903 3976 1032 4061 Aldina3
1058 3981 1091 4041 at
1114 3997 1173 4060 pro
1192 3973 1226 4050 ἐς
1244 3974 1342 4039 ceteri
1361 3973 1486 4038 codices

181 4098 396 4105 .-——

272 4157 298 4226 1)
319 4154 373 4210 cfr.
392 4154 508 4225 Madvig
525 4161 540 4221 §
557 4155 641 4208 132d.

272 4247 300 4314 2)
319 4245 373 4299 Gir.
393 4243 491 4299 Wisen
510 4245 527 4298 l.
544 4243 563 4298 l.
581 4263 608 4313 p.
624 4249 658 4298 36
677 4245 706 4298 et
724 4259 810 4311 seqq.‚
836 4242 884 4296 ubi
908 4240 1085 4311 opinionibus
1109 4239 1261 4294 multorum
1280 4237 1404 4294 virorum
1423 4239 1487 4292 doe-

185 4341 278 4389 torum
293 4334 327 4388 dc
342 4332 556 4404 praepositionis
571 4327 608 4396 ὡς
624 4332 731 4402 origine
746 4332 877 4402 laudatis,
893 4333 927 4386 de
942 4334 1001 4386 eius
1016 4348 1068 4385 usu
1083 4329 1157 4398 apud
1169 4327 1362 4398 Thucydidem
1377 4327 1488 4398 copiose

184 4424 350 4493 disputatur.

273 4514 300 4582 a)
319 4515 338 4568 1.
357 4515 376 4567 1.
396 4519 410 4580 s
427 4518 500 4566 τοι·

275 4607 302 4670 4)
322 4597 358 4664 ὡς
386 4600 448 4657 loco
475 4599 691 4669 praepositionis
725 4599 890 4670 usurpatum
927 4596 1074 4653 consilium
1106 4597 1260 4667 exprimere
1293 4596 1376 4666 putat
1403 4595 1488 4650 etiarn

185 4689 327 4746 Thicrsch.
365 4690 420 4746 afr.
440 4690 457 4745 l.
473 4690 491 4745 l.
511 4694 600 4756 5201,
619 4687 700 4744 Anm,
716 4695 739 4744 5.
