3360 5310
724 334 943 396 ..10-

275 492 325 558 75.
349 487 393 570 ὡς
417 490 478 576 μὲν
503 489 565 576 ἐγὼ
590 493 674 575 λέγω
691 543 810 558 ......
827 487 871 569 ὡς
895 491 931 558 δὲ
955 487 972 556 ὁ
998 489 1118 568 πολλὸς
1142 489 1240 573 λόγος
1257 486 1435 572 Ἑλλήνων.

274 601 345 672 105.
370 595 413 676 ὡς
437 596 533 665 αὐτοὶ
556 596 702 681 Κύπριοι
726 601 868 684 λέγουσι.

276 709 344 772 174.
369 703 413 784 ὡς
437 703 533 773 αὐτοὶ
556 709 691 772 Κνίδιοι
714 708 856 790 λέγουσι.

275 816 344 879 181.
369 808 413 891 ὡς
436 814 570 898 λέγουσι
594 815 628 879 οἱ
651 816 822 879 Χαλδαῖοι.

274 923 343 988 182.
368 917 411 999 ὡς
435 922 569 1006 λέγουσι
594 922 628 987 οῖ
649 921 836 1004 Αἰγύπτιοι.

276 1028 345 1093 183.
368 1026 423 1091 καὶ
448 1023 491 1104 ὡς
515 1031 630 1112 ἔλεγον
654 1029 688 1094 οἱ
710 1031 881 1093 Χαλδαῖοι.

271 1133 310 1214 11,
338 1135 385 1198 15.
410 1128 453 1209 ὡς
478 1130 573 1200 αὐτοὶ
597 1134 730 1216 λέγουσι
758 1132 929 1216 Αἰγύπτιοι
956 1134 1010 1197 καὶ
1037 1133 1107 1216 ἐμοὶ
1134 1135 1249 1198 δοκέει.

271 1241 320 1304 33.
346 1235 391 1317 ὡς
415 1242 449 1307 οἱ
472 1245 660 1324 Κυρηναῖοι
684 1244 808 1323 ἔλεγον.

270 1349 322 1411 43.
346 1342 390 1424 ὡς
414 1345 451 1413 δὲ
474 1344 569 1413 αὐτοὶ
593 1346 738 1429 λέγουσι.

272 1454 323 1518 60.
347 1449 391 1531 ὡς
415 1456 448 1520 οῖ
470 1454 639 1539 ἐπιχώριοι
663 1454 805 1540 λέγουσι.

274 1563 324 1626 73.
348 1555 393 1638 ὡς
410 1556 636 1627 Ἡλιοπολῖται
661 1562 804 1645 λέγουσι.

274 1670 345 1733 130.
369 1663 412 1746 ὡς
436 1671 550 1753 ἔλεγον
575 1669 609 1732 οῖ
631 1668 667 1733 ἐν
691 1664 758 1733 Σάι
782 1665 859 1732 πόλι
884 1668 976 1750 ἱρέες.

270 1775 330 1861 HI,
358 1779 407 1841 10.
432 1771 475 1854 ὡς
498 1776 632 1860 λέγουσι
656 1773 752 1841 αὐτοὶ
776 1779 926 1858 Θηβαῖοι.

275 1885 322 1948 16.
347 1880 391 1960 ὡς
415 1883 528 1967 μέντοι
552 1880 730 1967 Αἰγύπτιοι
755 1882 898 1966 λέγουσι.

272 1992 324 2055 30.
348 1986 391 2067 ὡς
415 1989 548 2073 λέγουσι
572 1987 759 2074 Αἰγύπτιοι.

273 2100 324 2161 47.
350 2093 394 2175 ὡς
417 2095 477 2182 μὲν
497 2096 621 2180 Σάμιοι
641 2095 775 2179 λέγουσι
795 2146 914 2162 ......
936 2093 981 2174 ὡς
1004 2094 1042 2162 δὲ
1061 2093 1325 2179 Λακεδαιμόνιοι
1344 2096 1486 2179 λέγουσι.

274 2199 412 2281 120.ο1ς
435 2201 496 2288 μὲν
520 2206 556 2270 οῖ
575 2204 713 2280 πλεῦνες
737 2202 879 2285 λέγουσι.

270 2310 327 2396 Ν,
350 2312 379 2377 5.
404 2306 449 2389 ὡς
472 2309 509 2376 δὲ
532 2308 668 2376 Σκύθαι
692 2310 835 2394 λέγουσι.

274 2419 345 2484 155.
370 2413 414 2496 ὡς
438 2422 581 2503 Θηραῖοί
602 2441 636 2482 πε
659 2416 714 2482 καὶ
737 2421 926 2501 Κυρηναῖοι
950 2417 1092 2500 λέγουσι.

270 2524 310 2608 V,
336 2527 386 2590 10.
410 2520 455 2601 ὡς
479 2521 515 2589 δὲ
540 2521 680 2609 Θρήικες
703 2525 846 2608 λέγουσι.

271 2632 322 2695 44.
347 2625 391 2708 ὡς
414 2630 549 2713 λέγουσι
573 2634 768 2716 Συβαρῖται.

273 2739 323 2802 49.
349 2735 393 2814 ὡς
418 2739 677 2822 Λακεδαιμόνιοι
701 2736 844 2821 λέγουσι.

274 2846 325 2908 57.
349 2840 394 2921 ὡς
416 2842 477 2928 μὲν
501 2841 596 2910 αὐτοὶ
620 2845 764 2929 λέγουσι.

271 2953 323 3017 63.
347 2947 391 3029 ὡς
414 2942 462 3017 ὦν
486 2949 527 3037 δὴ
553 2953 588 3018 01
606 2947 780 3037 Ἀθηναῖοι
804 2952 948 3036 λέγουσι.

276 3059 331 3144 Vl,
356 3062 405 3126 75.
431 3055 474 3137 ὡς
498 3056 559 3144 μὲν
583 3061 617 3124 οἱ
639 3058 755 3124 πολλοὶ
780 3057 914 3142 λέγουσι
933 3055 1102 3142 Ἑλλήνων
1127 3097 1166 3104 -
1193 3054 1238 3136 ὡς
1257 3057 1294 3124 δὲ
1314 3054 1484 3143 Ἀθηναῖοι

184 3168 305 3248 μοῦνοι
329 3166 464 3250 λέγουσι
491 3205 527 3214 -
553 3161 599 3244 ὡς
623 3163 660 3231 δὲ
680 3161 821 3251 Ἀργεῖοι
846 3166 959 3248 (verbo
983 3164 1130 3253 omisso).

273 3275 325 3340 84.
348 3267 393 3350 ὡς
416 3267 512 3339 αὐτοὶ
535 3273 679 3356 λέγουσι.
777 3264 779 3283 '
963 3282 967 3289 '

271 3381 322 3444 98.
347 3375 391 3456 ὡς
415 3383 529 3463 ἔλεγον
553 3376 685 3463 Δήλιοι.

275 3487 344 3552 105.
370 3481 415 3564 ὡς
438 3485 538 3564 αὐτός
559 3511 594 3552 τε
618 3489 708 3569 ἔλεγε
734 3488 954 3569 Φειδιππίδης
981 3485 1034 3550 καὶ
1059 3481 1267 3571 Ἀθηναίοισι
1294 3484 1486 3570 ἀπήγγελλε.

270 3593 342 3676 VH,
367 3597 417 3660 73.
442 3589 486 3671 ὡς
511 3589 707 3670 Μακεδόνες
731 3592 875 3676 λέγουσι.

273 3700 324 3764 75.
348 3694 393 3776 ὡς
415 3696 513 3766 αὐτοὶ
537 3700 680 3785 λέγουσι.

271 3809 321 3872 89.
347 3803 390 3884 ὡς
415 3805 508 3875 αὐτοὶ
531 3807 675 3892 λέγουσι.

271 3917 322 3980 00.
347 3912 391 3994 ὡς
414 3911 510 3981 αὐτοὶ
535 3912 683 3997 Κύπριοι
707 3914 850 3999 λέγουσι.

271 4023 322 4086 94.
347 4017 391 4099 ὡς
406 4019 565 4104 Ἕλληνες
588 4022 731 4106 λέγουσι.

276 4131 346 4194 137.
372 4123 416 4206 ὡς
439 4128 573 4212 λέγουσι
599 4129 866 4213 Λακεδαιμόνιοι.

273 4238 345 4302 167.
369 4231 413 4314 ὡς
445 4240 599 4313 Φοίνικες
630 4236 764 4320 λέγουσι
793 4274 834 4283 -
864 4230 909 4313 ὡς
936 4232 1164 4320 Καρχηδόνιοι
1197 4236 1252 4301 παλ
1281 4234 1486 4319 Συρηκόσιοι

184 4341 296 4428 (verbo
321 4344 457 4430 omisso)
476 4341 499 4432 ).

275 4452 345 4515 171.
370 4445 414 4528 ὡς
437 4450 571 4535 λέγουσι
595 4454 762 4533 Πραίσιοι.

273 4684 297 4751 l)
318 4680 434 4736 Codices
454 4680 506 4734 PR
525 4680 660 4735 omittunt
683 4680 730 4734 καὶ
751 4677 931 4752 Σαρηιόσιοι.
969 4683 1037 4738 Cum
1062 4682 1147 4736 Pavio
1173 4685 1334 4753 expungunt
1353 4680 1482 4753 Krueger,
