3360 5310
252 1493 404 1558 Omnium
437 1493 670 1577 particularum
703 1493 899 1560 Graecarum
936 1496 1024 1560 nulla
1066 1501 1134 1561 tam
1167 1499 1254 1562 varie
1291 1501 1466 1582 usurpatur

106 1656 109 1661 .
164 1622 261 1684 quam
291 1595 349 1684 ὡς,
384 1622 482 1686 quare
510 1602 599 1665 nulla
627 1606 677 1666 est
704 1602 793 1667 cuius
827 1626 903 1667 usus
932 1603 1059 1688 dignior
1088 1603 1130 1668 sit
1158 1605 1213 1688 qui
1244 1605 1466 1690 investigetur.

164 1706 278 1791 Itaque
306 1725 502 1792 quamquam
526 1708 589 1772 viri
608 1707 694 1772 docti
718 1709 756 1772 de
780 1706 824 1784 ὡς
846 1710 1005 1793 particula
1023 1710 1088 1774 iam
1108 1732 1204 1795 saepe
1224 1711 1465 1797 scripserunu),

163 1814 243 1878 mihi
276 1817 385 1878 tamen
413 1815 518 1879 visum
552 1818 602 1880 est
635 1837 750 1899 operae
783 1817 923 1900 pretium
957 1817 1066 1881 omnia
1099 1817 1167 1882 eius
1200 1818 1348 1901 exempla
1381 1819 1464 1902 apud

163 1919 375 2007 Herodotum,
399 1922 452 2007 qui
477 1944 514 1986 eo
538 1921 832 2009 frequentissime2)
857 1924 967 2008 utitur,
991 1924 1144 2009 colligere
1163 1927 1260 2008 atque
1279 1924 1317 1988 de
1336 1924 1377 1989 iis
1401 1926 1464 1990 dis-

162 2049 276 2093 serere.
319 2027 554 2094 Grammaticos
575 2030 733 2114 quosdam
758 2027 949 2116 duplicemss)
973 2031 1024 2095 vel
1049 2032 1147 2095 etiam
1172 2029 1366 2118 triplicem4)
1390 2055 1462 2116 par·

162 2135 293 2200 ticulam
318 2129 363 2213 ὥς
385 2158 504 2221 ponere
528 2158 594 2200 non
618 2136 745 2221 ignoro,
770 2159 879 2201 verum
899 2137 1125 2221 quaestionem
1144 2141 1254 2202 tamen
1273 2141 1380 2202 utrum
1404 2138 1465 2204 hoc

162 2242 232 2307 iure
255 2243 379 2308 faciant
402 2240 535 2327 necne⁵)
560 2243 731 2308 instituere
754 2244 839 2308 nolo.
875 2243 966 2309 Nihil
986 2243 1072 2308 aliud
1092 2243 1172 2308 mihi
1190 2245 1344 2329 proposui
1367 2267 1464 2329 quam

160 2353 197 2413 ut
224 2349 263 2414 de
291 2350 387 2415 huius
415 2350 594 2434 particulae
624 2373 683 2415 usu
712 2350 895 2416 Herodotco
924 2351 1100 2435 disputem,
1130 2355 1162 2415 et
1189 2351 1265 2415 licet
1294 2352 1362 2416 eius
1387 2375 1463 2416 usus

161 2457 245 2540 apud
270 2456 356 2521 hunc
379 2457 568 2542 scriptorem
592 2457 674 2523 varii
697 2458 775 2541 sint,
803 2459 826 2521 ii
850 2480 974 2542 omnes,
1003 2461 1039 2521 ut
1070 2458 1290 2522 demonstrare
1314 2459 1463 2540 conabor,

162 2586 200 2626 ex
224 2563 368 2628 ablativo
391 2563 593 2650 pronominis
617 2561 667 2648 ὅς,
696 2565 781 2649 quod
811 2566 891 2628 mihi
921 2564 1050 2649 quidem
1080 2564 1232 2649 probavit
1261 2563 1462 2653 Windisch⁶)

161 2670 321 2753 principio
349 2693 527 2756 pronomen
556 2671 844 2736 demonstrativum
874 2671 987 2750 fuisse,
1016 2672 1110 2736 facile
1139 2672 1295 2756 explicari
1317 2675 1463 2755 possunt.

162 2775 322 2853 Quoniam
350 2767 394 2854 ὡς
422 2801 487 2844 non
516 2801 589 2842 raro
619 2779 702 2863 apud
732 2777 934 2842 Herodotum
963 2801 1059 2843 sensu
1089 2779 1342 2844 demonstrativo
1372 2801 1462 2842 usur-

252 2975 276 3039 1)
296 2971 363 3026 Vidi
377 2971 488 3026 libellos
503 2972 565 3026 hos:
581 2971 614 3025 H.
626 2970 720 3040 Graes,
730 2971 771 3027 De
787 2970 989 3026 coniunctionis
1004 2967 1041 3034 ὡς
1056 2972 1163 3042 origine
1178 2975 1207 3026 et
1222 2989 1280 3026 usu.
1300 2972 1463 3041 Programm

160 3061 208 3114 des
233 3060 428 3130 Gymnasiums
456 3079 489 3114 zu
518 3059 620 3114 Memel
651 3067 727 3114 1814.
766 3061 794 3115 C.
814 3061 845 3114 E.
865 3059 1040 3126 Ktimmerer‚
1068 3062 1109 3116 De
1139 3061 1294 3131 particulae
1323 3057 1360 3123 ὡς
1388 3061 1463 3129 apud

160 3149 311 3204 Homerum
329 3168 381 3205 usu
407 3152 436 3204 et
458 3149 671 3219 significatione.
696 3149 883 3204 Vratislaviae
910 3155 986 3205 1838.
1015 3149 1044 3204 F.
1064 3149 1226 3219 Naumann,
1252 3149 1293 3202 De
1317 3144 1353 3211 ὡς
1376 3149 1462 3217 parti-

160 3240 238 3294 culae
257 3241 332 3308 apud
351 3239 522 3309 Aeschylum
540 3240 568 3294 11
587 3242 616 3293 61
634 3255 693 3292 usu.
732 3238 842 3307 Lipsiae
864 3244 939 3292 1817.
977 3237 1026 3293 Th.
1048 3239 1157 3306 When,
1177 3238 1219 3291 De
1238 3238 1266 3292 vi
1285 3241 1313 3291 et
1331 3257 1382 3292 usu
1402 3255 1463 3307 par·

158 3329 262 3383 ticulac
291 3325 328 3392 ὡς
356 3331 430 3400 apud
457 3327 656 3397 Thucydidem.
694 3328 919 3383 Η66111661862,
956 3327 1007 3381 Th.
1028 3329 1175 3397 Barthold‚
1206 3327 1352 3397 Specimen
1380 3327 1464 3382 lexici

160 3417 304 3488 Euripidei
327 3437 382 3487 quo
406 3419 562 3488 explicatur
586 3417 725 3487 particula
749 3414 796 3480 ὥς.
833 3417 998 3487 Programm
1026 3419 1074 3472 des
1099 3419 1349 3487 Gymnasiums.zu
1373 3418 1463 3472 Posen

160 3513 238 3562 1869.
275 3509 352 3562 Aem.
373 3506 506 3574 schiuah,
531 3505 571 3560 De
595 3503 634 3569 ὡς
656 3507 812 3576 particulae
838 3524 890 3560 usu
909 3505 1127 3577 Aristophaneo,
1147 3508 1310 3576 Programm
1329 3508 1377 3560 des
1396 3505 1463 3561 Pro·

159 3598 349 3666 gymnasiums
368 3615 401 3651 zu
416 3596 682 3650 Neuhaldenslcbeu
704 3601 779 3652 1880.
809 3597 961 3664 Postquam
980 3596 1140 3651 dissertatio
1160 3614 1222 3650 mea
1240 3595 1396 3665 approbata
1412 3598 1462 3664 est,

159 3686 278 3756 cognovi
298 3686 474 3741 Waltherum
503 3703 681 3755 programma
709 3685 853 3754 scripsisse
878 3686 953 3754 quod
977 3684 1142 3755 inscriptum
1166 3686 1209 3739 est
1229 3685 1332 3739 ‘Ueber
1355 3681 1393 3746 ὡς
1417 3686 1462 3739 bei

159 3775 295 3831 Herodot'
316 3775 445 3846 (Hameln
466 3778 555 3844 1887),
575 3776 650 3843 quod
669 3791 836 3842 quamquam
855 3774 923 3842 vidi,
942 3774 1007 3829 inde
1027 3773 1097 3828 nihil
1116 3773 1204 3828 hausi.

248 3868 275 3934 2)
295 3866 360 3919 Plus
376 3864 452 3919 mille
472 3864 678 3934 quadringenta
697 3865 825 3933 exempla
839 3864 991 3919 numeravi.
1013 3862 1316 3917 NumeravitWalther
1331 3863 1390 3932 (cfr.
1401 3865 1462 3933 p.3)

159 3956 269 4008 tantum
288 3955 365 4008 mille
384 3955 506 4008 ducenta
524 3953 704 4023 septuaginta
722 3955 786 4020 tria,
806 3953 882 4022 quod
901 3954 1076 4008 demonstrat
1095 3969 1157 4006 eum
1177 3953 1280 4022 fugisse
1300 3950 1398 4006 multa.

247 4047 273 4100 31
293 4041 347 4099 cfr.
363 4043 469 4098 Gustav
484 4045 586 4112 Meyer,
602 4041 780 4096 Grieohische
797 4041 979 4098 Grammatilr.
1009 4050 1033 4096 2,
1050 4042 1120 4095 Aufi.
1145 4041 1260 4110 Leipzig
1281 4045 1356 4096 1886.
1379 4046 1394 4106 ς
1409 4046 1460 4094 215

158 4135 187 4186 et
203 4138 220 4198 ᾖ
239 4138 299 4187 303.

246 4224 274 4292 4)
293 4222 364 4276 Vide
398 4223 571 4292 Brugmann‚
604 4219 762 4274 Hondhuoh
799 4221 849 4274 der
882 4221 1050 4274 classischen
1083 4217 1460 4274 Alterihumswisscnsohaft.

162 4311 398 4382 Herausgegeben
415 4328 471 4365 von
489 4312 564 4364 Iwan
584 4309 692 4364 Mulier.
729 4310 792 4365 Vol.
807 4311 841 4365 ll.
880 4310 1054 4379 Ndrdlingen
1076 4315 1151 4365 1885.
1180 4329 1207 4378 p.
1224 4314 1283 4362 119.

247 4403 274 4469 5)
294 4400 347 4456 Cfr.
369 4399 487 4466 Curtius,
507 4399 673 4468 Grundcr‘ige
692 4397 742 4452 der
760 4398 954 4468 griechischen
973 4398 1160 4467 Etymologie.
1199 4403 1222 4453 5.
1239 4397 1309 4451 Auli.
1347 4397 1461 4467 Leipzig

160 4495 236 4543 1819.
268 4507 294 4558 p.
311 4495 371 4545 603.

248 4580 275 4646 6)
295 4579 412 4634 Studien
436 4595 484 4630 zur
506 4575 699 4646 griechischen
722 4577 777 4629 und
802 4575 986 4631 lateinischen
1006 4575 1187 4631 Grammatilr.
1225 4576 1460 4645 Herausgegebcu

158 4685 213 4724 von
231 4667 263 4722 G.
283 4668 403 4723 Curtius.
442 4666 502 4721 Vol.
517 4666 551 4733 Il,
571 4685 597 4737 p.
613 4672 665 4721 203
681 4683 758 4736 seqq.
