3360 5310
722 336 942 399 ..22-

271 494 329 579 ΙΙΙ,
348 496 390 559 32
414 490 572 579 Ἕλληνες
594 492 655 578 μὲν
680 489 721 578 δῇ
749 490 804 560 διά
832 495 930 560 τοῦτο
954 490 991 560 τὸ
1017 497 1093 572 ἔπος
1122 494 1205 581 φασὶ
1232 492 1337 580 αὐτῇν
1367 492 1483 562 ἀπολέ-

184 607 265 666 σθαι
283 595 349 666 ὑπὸ
364 598 563 686 Καμβύσεω,
578 598 756 686 Αἰγύπτιοι
776 599 812 667 δὲ
834 598 878 679 ὡς
896 600 1035 688 τραπέζῃ
1054 600 1350 689 περικατημένωνῑ)
1365 604 1484 687 λαβοῦ-

185 725 248 773 σαν
280 711 427 795 θρίδακα
454 705 515 793 τῇν
542 721 685 793 γυναῖκα
712 715 875 794 περιτῖλαι
903 734 929 774 κ.
954 732 979 773 τ.
1005 714 1033 774 λ.
1071 709 1170 775 Recte
1198 715 1309 776 monet
1336 710 1482 776 (lav'allin

186 813 229 902 (p.
244 815 279 903 6)
303 816 355 881 hic
373 839 509 902 quoque,
532 840 604 882 cum
623 818 721 883 verba
744 819 911 902 complura
934 818 1128 899 interposita
1152 817 1227 902 sint,
1250 817 1337 882 aliud
1360 818 1485 882 dicendi

186 923 376 989 vocabulum
411 923 451 987 ad
480 917 525 1001 ὡς
552 946 648 1007 posse
672 924 784 989 audiri.
830 925 1006 990 Abnormis
1034 927 1084 988 est
1112 925 1290 989 infinitivus
1313 930 1485 1008 περιτῖλαι.

186 1030 381 1096 Huiusmodi
405 1031 604 1115 anacoluthi,
628 1033 655 1096 si
680 1030 849 1096 Cavallino
870 1031 913 1116 (p.
929 1031 986 1119 31)
1011 1032 1139 1096 credere
1163 1032 1248 1116 licet,
1272 1033 1334 1097 duo
1359 1034 1485 1096 tautum

187 1139 251 1202 alia
274 1139 420 1221 exempla
443 1137 468 1221 I,
492 1140 554 1203 207
581 1135 669 1225 (post
692 1135 773 1225 ὅτι),
797 1138 853 1222 IV,
879 1140 940 1203 179
965 1138 1055 1226 (post
1079 1134 1152 1225 ὡς),
1177 1139 1261 1224 apud
1285 1138 1485 1203 Herodotum

188 1247 366 1310 occurrunt.
403 1244 452 1309 De
476 1246 556 1310 locis
579 1246 635 1310 ubi
659 1248 733 1329 post
757 1239 801 1322 ὡς
824 1268 896 1311 cum
921 1234 1018 1311 verbo
1042 1247 1134 1310 finito
1158 1249 1359 1330 usurpatum,
1381 1249 1487 1309 trans·
1574 1313 1578 1327 ,

139 1420 142 1425 ,
188 1354 251 1417 itus
275 1352 315 1416 ad
338 1351 532 1416 infinitivum
556 1353 606 1432 fit,
629 1352 729 1416 verba
752 1373 848 1435 supra
870 1353 941 1418 feci.

277 1455 425 1542 ἀγγέλλω
448 1458 489 1540 ΙΙ,
515 1459 590 1543 1523
617 1458 678 1542 Ill,
702 1460 753 1544 30,
777 1459 828 1524 65.

277 1561 469 1650 ἀπαγγέλλω
493 1565 553 1650 III,
577 1567 633 1650 643
656 1566 713 1650 IV,
743 1566 818 1650 1533
842 1567 881 1642 V,
905 1569 961 1649 203
984 1565 1075 1651 VIll,
1102 1568 1173 1632 143.

279 1672 460 1756 ἐξαγγέλλω
484 1672 541 1756 Vl,
564 1674 616 1738 63.

279 1777 519 1863 ἐπαγγέλλομαι
542 1778 669 1864 (media,
689 1803 784 1865 quam
809 1781 928 1864 dicunt,
951 1780 1204 1869 significatione)
1233 1781 1292 1867 ΙΙΙ,
1306 1783 1363 1866 363
1390 1781 1446 1864 Vl,
1460 1783 1489 1846 9.

278 1877 363 1971 ῇλθε
387 1882 521 1968 ἀγγελίη
545 1887 570 1971 Ι,
594 1889 649 1968 83;
674 1886 729 1971 Vl,
753 1888 810 1967 283
834 1886 925 1970 VIII,
950 1890 1004 1970 143
1026 1887 1082 1972 ΙΧ,
1109 1887 1158 1954 15.

279 1989 414 2076 ἀγγελίη
438 1987 620 2077 ἀπικομένη
645 1991 680 2079 (a
702 1997 848 2077 tempore
872 1995 1046 2076 praeterito
1071 1992 1229 2081 pendens)
1254 1995 1343 2078 VIII,
1367 1996 1418 2059 99.

281 2096 493 2178 αὐδάξασθαι
515 2100 558 2185 ΙΙ,
581 2100 633 2166 55.

280 2204 485 2291 ἀπηγέεσθαι
507 2207 550 2293 ΙΙ,
576 2209 675 2292 lara,
701 2209 800 2294 1215,
824 2207 882 2292 Ill,
906 2208 956 2273 51.

282 2314 475 2399 ἐξηγέεσθαι
504 2314 581 2396 VII,
618 2316 695 2397 1973
732 2309 777 2390 ὦς
812 2310 936 2379 θύεταί
964 2338 998 2379 τε
1031 2315 1204 2398 ἐξηγέοντο
1239 2313 1398 2400 στέμμασι
1429 2317 1494 2392 πᾶς

193 2421 377 2500 πυκασθεὶς
399 2421 455 2487 καὶ
479 2417 523 2498 ὡς
546 2417 609 2487 σὺν
633 2423 746 2507 πομπῇ
771 2421 929 2506 ἐξαχθείς.
975 2422 1127 2506 Verbum
1147 2444 1264 2507 regens
1289 2424 1396 2486 estin
1420 2445 1492 2487 seu-

193 2531 297 2596 tentia
317 2530 469 2594 subiecta.
511 2529 583 2595 Hoc
605 2531 644 2594 de
667 2531 739 2594 loco
762 2527 893 2593 uberius
917 2529 1070 2594 disseruit
1092 2527 1305 2615 Melanderl),
1329 2521 1383 2613 qui
1408 2531 1492 2594 arbi-

193 2641 297 2701 tratur
326 2636 405 2700 nihil
435 2659 503 2701 esse
532 2636 731 2701 mutandum.
778 2634 915 2718 ‘Duplex
941 2635 1049 2721 cnim',
1076 2636 1194 2720 inquit,
1225 2635 1287 2701 ‘est
1310 2637 1405 2700 huius
1429 2636 1493 2701 loci

194 2744 419 2827 anacoluthon,
443 2766 540 2829 quum
565 2748 598 2806 et
620 2742 698 2806 illud
724 2735 776 2824 ὡς,
801 2741 885 2825 quod
905 2742 1029 2807 duobus
1054 2743 1207 2806 membris
1227 2764 1397 2807 commune
1421 2765 1493 2807 esse

195 2851 341 2934 debebat,
365 2855 538 2935 repetatur,
561 2855 594 2914 ct
611 2849 689 2913 illud
709 2843 839 2930 θύεται,
863 2848 949 2932 quod
969 2849 1023 2912 uni
1041 2852 1170 2913 tantum
1190 2851 1333 2914 membro
1353 2849 1494 2933 scriptor

194 2959 374 3023 tributurus
399 2963 468 3022 erat
492 2957 531 3021 ad
556 2958 692 3021 alterum
717 2976 842 3039 quoque
867 2956 981 3019 valeat.
1022 2955 1206 3020 Herodotus
1227 2962 1343 3035 autem,
1367 2957 1493 3040 opinor,
1586 3000 1589 3004 ·

194 3067 241 3129 ita
265 3066 443 3148 scripturus
468 3068 547 3145 erat,
571 3057 614 3138 ὡς
642 3058 764 3126 θύεταί
786 3085 819 3126 τε
844 3059 1016 3145 ἐξηγέοντο
1041 3061 1201 3146 στέμμασι
1224 3064 1287 3140 πᾶς
1310 3061 1496 3140 πυκασθεὶς

195 3168 249 3235 καὶ
278 3167 340 3235 σὺν
368 3173 481 3256 πομπῇ
511 3167 666 3250 ἐξάγεται.
713 3169 805 3244 Quod
834 3170 861 3232 si
892 3191 990 3233 unum
1014 3170 1241 3234 immiserimus
1267 3171 1495 3255 anacoluthon,

196 3277 439 3360 comprehensio
463 3277 509 3340 sic
528 3276 783 3340 conformabitur
803 3269 847 3351 ὡς
865 3272 988 3340 θύεταί
1002 3299 1036 3341 τε
1051 3274 1211 3359 στέμμασι
1230 3278 1294 3352 πᾶς
1312 3275 1497 3353 πυκασθεὶς

195 3382 251 3449 καὶ
268 3378 311 3461 ὡς
326 3379 390 3448 σὺν
409 3385 522 3469 πομπῇ
539 3379 697 3466 ἐξάγεται,
713 3383 814 3448 altero
830 3388 936 3448 autem
957 3383 1127 3448 accedente
1142 3384 1286 3449 codicum
1302 3385 1495 3466 scripturam

198 3490 409 3555 habebimus'.
457 3490 540 3554 Vide
565 3491 663 3555 etiam
688 3490 929 3555 adnotationem
955 3482 1079 3556 Sttinii.

288 3594 440 3681 ἀγορεύω
464 3597 524 3682 ΙΙΙ,
548 3599 599 3682 74,
625 3599 696 3663 156.
725 3593 946 3681 ,ἀγορεύομαι
974 3597 1025 3678 lX,
1049 3599 1100 3663 26.

287 3701 406 3782 δικάζω
431 3704 456 3788 Ι,
480 3705 532 3770 84.

290 3808 428 3895 γνώμην
452 3807 680 3891 ἀποδέξασθαι
703 3812 762 3893 ΙΙΙ,
786 3814 841 3897 74,
864 3812 1021 3895 160;ἸῙΙ,
1043 3813 1100 3894 43;
1122 3811 1178 3896 IX,
1202 3813 1253 3877 58.

288 3972 314 4038 1)
333 3970 385 4023 Pro
408 3969 639 4040 περικατημένων
668 3969 766 4025 scribit
790 3970 868 4045 Stein
892 3988 925 4025 ex
949 3969 1110 4025 coniectura
1136 3969 1395 4043 παρακατημένων,
1423 3973 1500 4040 quod

198 4060 314 4116 verbum
337 4076 475 4128 nusquam
499 4059 573 4130 apud
595 4059 770 4114 Herodotum
793 4059 905 4130 legitur.
944 4060 998 4115 Sed
1021 4078 1076 4115 non
1101 4078 1169 4129 opus
1194 4062 1249 4128 est,
1275 4078 1319 4114 me
1342 4060 1447 4128 iudice,
1467 4064 1501 4116 ut

199 4149 327 4205 codicum
345 4149 496 4205 lectionem
515 4151 661 4204 mutemus.
699 4148 760 4203 Etsi
786 4150 857 4203 enim
882 4146 1069 4221 περικάτημαι
1095 4148 1206 4219 saepius
1231 4147 1306 4218 apud
1324 4150 1499 4203 Herodotum

201 4239 352 4295 ‘obsidere’
374 4238 521 4309 significat,
539 4239 633 4291 tamen
648 4237 696 4305 ΙΙΙ,
713 4244 747 4291 14
766 4239 862 4294 eodem
882 4258 964 4294 sensu
983 4257 1038 4308 quo
1057 4239 1103 4294 hic
1121 4239 1283 4304 adhibetur;
1304 4240 1332 4290 et
1349 4238 1416 4292 licet
1435 4256 1499 4293 cum

200 4329 358 4385 accusativo
382 4329 531 4383 maximam
555 4331 662 4397 partem
686 4330 875 4397 construatur,
898 4329 969 4384 nihil
993 4329 1152 4383 offensionis
1176 4326 1264 4383 habet
1288 4326 1406 4381 dativus.
1443 4327 1500 4383 Ofr.

200 4418 390 4487 περιϊστάναι,
409 4416 484 4486 quod
502 4415 592 4485 ipsum
613 4433 722 4484 quoque
743 4434 911 4487 quamquam
931 4419 1015 4488 vulgo
1040 4434 1102 4471 cum
1122 4417 1295 4482 accusativO,
1320 4418 1413 4470 tamen
1431 4435 1502 4473 non-

200 4525 343 4576 nunquam
368 4525 430 4561 cum
453 4505 548 4560 dativo
571 4505 762 4574 coniungitur,
787 4509 818 4560 ut
836 4507 910 4576 apud
928 4506 1073 4562 Platonem
1097 4508 1125 4560 in
1148 4507 1223 4576 legg.
1244 4511 1295 4560 947
1315 4505 1337 4558 Β
1360 4516 1502 4577 περιϊστα·

201 4595 303 4668 μένους
322 4598 354 4668 τῇ
374 4598 460 4667 κλίνη.

290 4690 317 4755 2)
336 4685 377 4741 De
397 4686 571 4740 anacoluthis
589 4684 765 4740 Herodoteisr
803 4685 915 4740 Lundae
936 4690 1011 4739 1869.
1039 4704 1065 4755 p.
1081 4691 1122 4739 40.
