3360 5310
736 373 954 438 ...37-

722 604 844 699 Caput
872 606 967 679 VIII.

223 761 267 825 mc
292 777 360 825 cum
383 760 506 826 nomine
529 761 648 826 nomini
671 761 768 826 alteri
790 779 847 844 per
870 762 1100 845 appositionem
1124 763 1234 830 addito
1257 766 1467 833 coniunctum.

280 904 340 969 Per
368 903 604 989 appositionem
638 904 766 969 additur
793 926 910 969 nomen
940 906 1064 970 nomini
1098 907 1191 971 alteri
1219 907 1304 991 quod
1334 908 1494 976 describit.

193 1012 245 1076 llli
269 1015 377 1091 tamen
401 1004 445 1087 άς
468 1011 508 1075 iis
532 1014 659 1075 tantum
683 1011 762 1076 locis
787 1011 988 1096 adiungitur,
1018 1012 1074 1076 ubi
1101 1013 1191 1078 notio
1223 1037 1320 1098 quam
1345 1015 1496 1099 exprimit

193 1118 226 1182 iu
249 1122 366 1183 natura
388 1118 434 1181 rei
463 1117 514 1181 vel
542 1138 700 1201 personae
728 1117 858 1182 nomine
888 1119 938 1182 cui
967 1118 1096 1183 additur
1124 1120 1325 1205 significatae
1354 1144 1419 1187 non
1447 1123 1494 1186 in-

193 1224 314 1308 haeret,
338 1225 392 1289 sed
417 1225 446 1288 ei
471 1224 512 1288 ab
536 1224 655 1307 aliquo,
678 1225 868 1308 plerumque
893 1247 912 1288 a
936 1225 1082 1291 subiecto
1106 1228 1294 1312 sententiae,
1318 1229 1386 1294 sive
1410 1231 1494 1294 serio

193 1331 259 1395 sive
288 1353 360 1396 cum
386 1330 492 1396 ironia
519 1330 715 1394 attribuitur.
763 1328 857 1393 Hunc
885 1336 1018 1395 nostrae
1046 1333 1225 1415 particulae
1254 1357 1348 1399 usum
1372 1357 1410 1399 ex
1433 1359 1494 1401 usu

192 1438 412 1523 comparativo
428 1441 534 1503 ortum
549 1459 629 1521 esse,
647 1459 753 1520 nemo,
772 1436 875 1520 credo,
893 1438 1034 1523 negabit
1073 1437 1230 1504 Conferas
1246 1462 1340 1504 usum
1356 1442 1494 1507 similem

192 1545 367 1629 particulae
397 1543 618 1629 Germanicae,
652 1542 771 1630 ‘als'¹),
804 1544 983 1627 particulae
1010 1543 1169 1631 Anglicae
1203 1545 1272 1611 ἐρ’.
1319 1547 1396 1613 Loci
1428 1550 1491 1613 huc

193 1652 389 1736 pertinentes
414 1656 490 1717 sunt
513 1651 560 1716 hi:

279 1760 303 1844 l,
328 1760 379 1824 73.
411 1753 631 1833 σκευάσαντες
655 1753 692 1822 δέ
715 1752 819 1822 αῦτὸν
840 1752 948 1841 ὥσπερ
969 1753 1120 1824 ἐώθεσαν
1143 1756 1198 1823 καί
1217 1753 1256 1823 τά
1277 1761 1382 1844 θηρία
1400 1778 1494 1826 σκευ-

191 1862 291 1950 άζειν,
310 1864 468 1951 Κυαξάρῃ
493 1863 614 1929 δοῦναι
637 1862 796 1949 φέροντες
819 1858 864 1940 ῦς
882 1859 990 1949 ἀγρην
1009 1865 1126 1948 δῆθεν.
1158 1865 1283 1930 Ironiae
1303 1867 1492 1933 indicandae

191 1973 325 2038 inservit
348 1973 464 2057 δῆθεν.

278 2079 304 2163 Ι,
329 2080 400 2146 168.
431 2073 526 2162 τιμάς
549 2079 614 2142 νῦν
636 2071 700 2143 ῦπδ
729 2079 839 2162 Τηίων
862 2079 930 2143 τῶν
954 2079 991 2144 έν
1018 2075 1208 2163 Ἀβδήροισι
1240 2104 1285 2156 ως
1307 2074 1395 2164 ἥρως
1420 2083 1494 2164 ἔχει.

279 2186 321 2272 ΙΙ,
342 2188 395 2252 44.
426 2186 471 2274 τῷ
496 2182 557 2270 μὲν
576 2178 620 2262 ἀς
638 2179 798 2274 ἀθανάτω
820 2178 983 2275 Ὀλυμπίῳ
1009 2182 1045 2251 δὲ
1069 2186 1262 2271 ἐπωνυμίην
1285 2182 1423 2271 θύουσι,
1446 2189 1491 2277 τῷ

192 2289 229 2358 δὲ
252 2291 350 2383 ἑτέρην
365 2287 410 2369 ῦς
433 2286 518 2377 η’ρωι
542 2290 738 2375 ἐναγίζουσι.
1445 2304 1447 2311 “

279 2400 339 2487 ΠΙ,
359 2403 386 2466 1.
419 2389 457 2466 εῦ
479 2395 544 2486 γάρ
568 2393 726 2483 ἠπίστατο
751 2393 801 2463 ὅτι
825 2393 887 2463 οῦκ
911 2392 956 2476 ῦς
979 2397 1120 2483 γυναῖκά
1148 2425 1206 2486 μιν
1230 2403 1342 2486 ἔμελλε
1361 2396 1493 2483 Καμβύ-

191 2525 250 2591 σης
273 2506 358 2587 έξειν
381 2501 452 2573 ἀλλ’
479 2501 524 2584 ὡς
545 2505 724 2590 παλλακήν.

281 2617 309 2680 1.
341 2611 465 2698 ταύτην
497 2610 559 2698 τὴν
591 2614 694 2678 παῖδα
717 2661 815 2679 .....
838 2608 1021 2697 ἀποπέμπει
1054 2613 1087 2689 ἐς
1118 2612 1251 2698 Πέρσας
1283 2609 1328 2690 ὡς
1365 2613 1491 2679 ἑωυτοῦ

190 2720 368 2805 θυγατέρα.

279 2828 330 2894 98.
363 2822 463 2892 ἐπεάν
493 2826 529 2892 έκ
550 2826 612 2892 τοῦ
634 2827 785 2910 ποταμοῦ
809 2827 919 2910 φλοῦν
942 2820 1096 2910 ἀμήσωσι
1119 2824 1174 2891 καὶ
1201 2823 1348 2910 κόψωσι,
1371 2823 1413 2892 ’τὸ
1438 2826 1487 2891 ένω

190 2933 310 2997 θεῦτεν
334 2933 468 3018 φορμοῦ
490 2928 616 3017 τρόπον
638 2931 896 3012 καταπλέξαντες
919 2927 964 3010 ὡς
986 2929 1127 3018 θώρηκα
1152 2932 1357 2999 ένδννέονσι.

278 3040 336 3126 IV,
359 3042 411 3106 28.
443 3033 486 3125 ἢν
515 3036 552 3105 δέ
582 3041 743 3126 χειμῶνος
770 3036 895 3126 βροντὴ
924 3039 1076 3126 γένηται,
1107 3035 1151 3118 ὡς
1178 3040 1275 3125 τέρας
1298 3037 1489 3125 νενόμισται

192 3144 438 3232 θωυμάζεσθαι.

282 3258 353 3321 132.
385 3250 464 3332 τοῦς
488 3251 525 3320 δέ
549 3250 682 3334 ὀιστούς
705 3250 751 3332 ὦς
780 3251 842 3339 τὴν
866 3253 1000 3320 ἑωυτῶν
1022 3248 1128 3338 ἀλκὴν
1151 3256 1384 3340 παραδιδοῦσι.

282 3365 355 3429 142.
388 3357 432 3440 ὡς
456 3359 588 3428 δούλων
609 3356 733 3428 Ἰάνων
757 3358 818 3427 τδν
842 3358 945 3445 λόγον
969 3358 1172 3445 ποιεύμενοι.

278 3471 317 3556 V,
340 3473 392 3537 20.
424 3473 551 3556 παρίζει
577 3467 688 3555 Πέρση
712 3464 811 3554 ἀνδρί
843 3465 954 3554 ἀνδρα
983 3464 1166 3534 Μακεδόνα
1200 3464 1243 3546 ἀς
1275 3480 1416 3552 γυναῖκα
1443 3472 1488 3560 τῷ

190 3574 285 3668 λόγῳ.
331 3579 470 3643 Additur
491 3578 536 3665 τῷ
560 3573 649 3666 λόγῳ
674 3577 713 3640 ad
738 3578 875 3642 ironiam
898 3576 1112 3641 indicandam.

278 3687 354 3764 92ζ.
387 3684 575 3768 θωυμάζειν
602 3706 637 3749 τε
661 3679 767 3749 αύτού
790 3678 868 3766 παρ’
895 3677 969 3747 οἷόν
993 3707 1050 3766 μιν
1075 3677 1184 3767 ἀνδρα
1207 3677 1420 3767 ἀποπέμψειε,
1445 3677 1489 3759 ὡς

189 3790 386 3879 παραπλῆγά
409 3816 443 3857 τε
466 3790 520 3857 καί
544 3793 610 3857 τάν
634 3789 760 3857 ἑωυτοῦ
785 3786 988 3875 σινάμωρον.
1225 3827 1237 3856 ι

280 3902 351 3967 114.
380 3898 540 3988 Ὀνησίλῳ
564 3897 601 3964 δέ
623 3895 722 3964 θύειν
747 3895 800 3976 ιδς
814 3893 907 3983 ἥρωι.

193 4074 196 4080 ,
238 4061 241 4068 .
278 4008 409 4093 VI,11.
443 4005 495 4073 ἐπὶ
519 4007 622 4093 ξυροῦ
644 4006 708 4092 γὰρ
732 4000 838 4091 ἀκμῆς
862 4008 967 4091 ἔχεται
989 3999 1070 4090 ἡμῖν
1093 4000 1133 4070 τά
1157 4003 1342 4090 πρήγματα,
1366 4000 1489 4088 ἀνδρες

181 4111 307 4196 Ἴωνες,
331 4109 351 4199 ἢ
376 4110 462 4180 εἶναι
486 4113 695 4199 ἐλευθέροισι
717 4107 738 4198 ἢ
764 4109 927 4196 δούλοισι,
950 4111 1005 4176 καὶ
1029 4109 1176 4177 τούτοισι
1201 4105 1245 4188 ἀς
1269 4110 1456 4197 δρηπέτησι.

281 4223 332 4288 30.
361 4218 422 4306 τὴν
445 4216 593 4304 κεφαλὴν
617 4217 679 4304 τὴν
700 4214 857 4285 Ἰστιαίου
880 4216 1065 4296 λούσαντάς
1088 4242 1121 4282 τε
1144 4216 1200 4283 καὶ
1222 4219 1490 4303 περιστείλαντας

190 4320 227 4396 εὗ
259 4330 442 4396 ἐνετείλατο
475 4326 585 4406 θάψαι
624 4321 669 4404 ἀς
702 4322 827 4412 ἀνδρὸς
864 4323 1014 4412 μεγάλως
1041 4325 1152 4415 ἑωυτῷ
1186 4349 1220 4390 τε
1252 4322 1306 4388 καὶ
1338 4323 1488 4410 Πέρσησι

191 4432 375 4523 εὐεργέτεω.
412 4436 483 4501 Ηοο
507 4436 577 4501 loco
602 4434 764 4519 appositio
788 4435 853 4498 vim
877 4434 997 4499 habere
1021 4432 1182 4499 causalem
1206 4433 1341 4499 videtur.

281 4635 307 4701 1)
325 4631 366 4687 De
384 4632 438 4687 hoc
456 4629 611 4702 particulae
639 4628 711 4682 ‘als’
738 4644 790 4681 usu
812 4625 908 4682 videas
933 4643 1003 4696 quac
1022 4627 1055 4682 Κ.
1075 4629 1104 4682 F.
1124 4625 1238 4695 Becker,
1257 4627 1275 4680 l.
1295 4626 1312 4681 l.
1332 4624 1365 4680 ΙΙ.
1393 4645 1420 4696 p.
1437 4631 1485 4680 171

189 4721 307 4792 scripsit.
