3360 5310
693 365 908 429 ..43-

153 525 461 613 παρασκευάζεσθαι
485 527 527 613 ΙΙ,
548 529 624 609 162,
647 526 707 610 VI,
732 527 783 609 87,
809 526 881 611 101,
907 527 983 609 1123
1013 524 1086 609 VII,
1103 527 1157 608 33,
1182 526 1255 606 143,
1279 526 1352 610 209,
1376 526 1453 612 2183

153 636 249 717 VIII,
269 639 320 715 64,
344 638 399 720 833
423 634 482 719 IX,
502 636 554 719 97,
580 636 651 699 122.
679 673 716 682 —
747 631 991 718 παραρτέεσθαι
1015 631 1109 714 VIII,
1128 634 1179 713 81,
1201 634 1272 697 108.
1300 670 1333 679 -
1366 627 1453 696 άντι·

152 740 336 809 τάσσεσθαι
373 740 524 830 (notione
561 739 713 829 passiva)
743 740 804 824 IV,
835 742 907 805 134.
942 778 977 788 —-
1017 735 1198 804 τάσσεσθαι
1232 736 1278 826 (vi
1311 737 1455 827 passiva)

154 851 210 935 VI,
230 853 303 917 111.
322 888 357 897 -
380 848 621 933 καταλέγεσθαι
640 846 686 936 (vi
707 847 849 933 pausiae)
868 846 943 931 VII,
963 851 990 912 1.
1013 885 1050 894 —
1073 842 1316 930 σφαγιάζεσθαι
1334 845 1389 930 ΙΧ,
1404 848 1455 912 61.

155 993 196 1004 -
220 954 403 1041 λαμβάνειν
426 952 464 1020 τὸ
482 953 586 1034 ’τόξον
608 956 667 1040 ΙΙΙ,
686 959 736 1023 36.
765 994 802 1004 -
835 956 1061 1020 διατείνεσθαι
1084 951 1123 1019 τὰ
1147 952 1243 1037 βέλεα
1267 953 1393 1039 1Χ,18.
1417 991 1452 1000 -

156 1066 189 1141 ἔς
211 1088 245 1129 τε
268 1059 325 1141 τάς
347 1063 425 1141 νέας
449 1061 622 1128 ἐσέπιπτον
645 1062 700 1128 καί
725 1065 812 1129 ἱστία
836 1060 990 1144 άείροντο
1017 1061 1108 1144 VIII,
1127 1061 1180 1126 56.

244 1187 304 1252 His
332 1187 411 1252 locis
440 1185 604 1269 omnibuS,
632 1190 764 1270 exceptu
792 1189 921 1250 tautum
949 1184 1027 1265 VII,
1053 1186 1116 1251 134
1142 1181 1282 1264 τούτους
1310 1181 1354 1262 ὡς
1377 1181 1458 1251 άπο-

154 1292 386 1379 θανευμένους
404 1287 610 1377 ἀπέπεμψαν,
630 1293 838 1401 participium
857 1292 897 1358 ad
917 1293 1097 1358 subiectum
1114 1294 1293 1358 sententiae
1308 1293 1457 1378 pertinet.

245 1418 421 1504 Participic
449 1420 482 1484 in
511 1442 573 1504 quo
599 1420 685 1483 inest
713 1420 762 1484 vis
786 1420 987 1503 concessiva,
1016 1400 1143 1484 additur
1171 1414 1216 1496 ὡς
1244 1419 1378 1504 Vltus
1402 1416 1458 1483 καὶ

157 1522 199 1610 δή
223 1550 286 1611 τοι,
310 1520 354 1604 ὡς
376 1522 515 1604 οὐδενὸς
534 1523 802 1610 ἐναντιευμένου,
826 1526 909 1609 λέγω
929 1523 989 1611 τὴν
1008 1522 1121 1611 χάρην
1139 1529 1265 1591 πλεῦνα
1285 1526 1322 1592 έν
1342 1525 1458 1592 πλέονι

159 1629 267 1722 χρόνῳ
291 1633 474 1718 γινομένην
497 1629 596 1719 λιμὸν
619 1632 780 1712 τέξεσθαι.

247 1756 326 1824 (lum
365 1759 527 1842 participii
564 1757 604 1822 ad
642 1758 881 1824 substantivum
915 1778 981 1824 non
1017 1759 1114 1823 relati
1152 1759 1260 1824 dativo
1299 1759 1460 1824 iudicante

159 1866 273 1950 quibus
297 1887 380 1949 quae
399 1865 558 1930 sententia
576 1865 732 1948 primaria
751 1866 958 1930 continentur
976 1887 1051 1930 vera
1071 1866 1137 1930 sint
1156 1859 1199 1942 ὡς
1220 1866 1426 1951 coniungitur
1434 1863 1459 1951 ¹)

160 1971 317 2055 V11,184
349 1954 393 2048 οἷς
423 1965 487 2036 άνά
520 1973 712 2054 διηκοσίους
744 1967 873 2055 ἄνδρας
905 1971 1145 2055 λογιζομένοισι
1180 1973 1216 2037 έν
1245 1968 1365 2057 ἑκάστη
1395 1975 1462 2054 νηί.

160 2078 340 2155 Quominus
364 2072 408 2154 ὡς
431 2078 493 2143 hcc
516 2079 588 2142 loco
608 2099 680 2142 cum
700 2073 764 2142 άνά
786 2080 978 2161 διηκοσίους
997 2080 1242 2164 coniungamus,
1266 2079 1460 2164 significatio
1567 2112 1572 2123 ·

160 2185 260 2252 ‘fere'
283 2188 334 2253 vel
358 2183 530 2268 ‘circiter',
556 2207 637 2273 quae
665 2185 845 2267 particulae
874 2188 1031 2251 numerali
1063 2186 1187 2252 nomini
1215 2185 1341 2251 additae
1369 2187 1462 2269 inest,

159 2293 299 2376 inhibet3
324 2294 352 2357 si
377 2293 463 2356 enim
483 2293 665 2357 autminus
685 2296 741 2356 aut
758 2294 830 2377 plus
851 2290 992 2358 ducenos
1011 2294 1097 2358 viros
1117 2296 1149 2358 in
1170 2293 1306 2379 singulis
1326 2293 1461 2356 navibus

162 2403 391 2483 supputamus,
414 2421 480 2464 non
504 2398 643 2464 efficitur
665 2422 819 2465 numerus
844 2402 898 2487 qui
922 2400 1023 2466 fuisse
1047 2401 1173 2466 dicitur.
1251 2446 1254 2450 ι

711 2906 832 2998 Caput
859 2905 919 2977 XI.

484 3061 528 3125 ὼ(
558 3059 658 3124 ‘lere’
682 3059 736 3125 vel
760 3060 925 3126 ‘circiter'
949 3061 1142 3143 algnillcaus.

251 3201 321 3268 Hac
353 3204 385 3267 vi
416 3204 577 3287 particula
603 3204 791 3288 plerumque
823 3203 955 3268 vecibus
989 3225 1069 3288 quae
1103 3204 1268 3269 notionem
1302 3204 1463 3288 quandam

164 3311 290 3374 numeri
313 3310 347 3374 in
373 3332 405 3375 se
429 3311 564 3395 habeut,
588 3311 745 3396 iungitur,
770 3333 864 3395 quem
887 3332 981 3375 usum
1006 3315 1038 3375 et
1062 3312 1168 3395 ipsum
1192 3334 1230 3375 ex
1254 3333 1314 3375 usu
1337 3332 1465 3395 compa·

163 3417 269 3483 rattvo
298 3418 428 3482 ductum
456 3440 527 3482 esse
554 3421 642 3502 puto.
692 3415 778 3482 Nam
802 3419 961 3502 particula
985 3419 1046 3502 ita,
1069 3441 1141 3483 mea
1165 3419 1339 3500 sententia,
1363 3419 1463 3502 expli-

164 3524 267 3590 cauda
295 3528 357 3609 est,
385 3530 421 3589 ut
450 3525 611 3610 significet
639 3546 806 3589 numerum
835 3525 998 3609 proditum
1026 3525 1209 3590 habendum
1237 3547 1304 3589 uon
1331 3548 1389 3610 pro
1414 3549 1466 3590 ex-

164 3636 251 3719 acto,
284 3634 339 3698 sed
371 3632 597 3697 tautummodo
635 3653 693 3716 pro
730 3655 781 3715 ec,
817 3654 955 3716 quocum
992 3636 1121 3698 exactus
1154 3655 1305 3697 uumerus
1338 3654 1466 3717 eompa-

164 3741 230 3805 rari
252 3741 365 3825 possit

254 3864 409 3931 (louferas
434 3866 573 3930 similem
592 3888 684 3930 usum
703 3866 880 3952 particulae
900 3865 1035 3930 Latinae
1059 3862 1216 3951 ‘quast'²)
1237 3871 1269 3929 et
1288 3866 1466 3949 particulae

167 3973 325 4039 Gothicae
344 3970 475 4059 ‘sve'³),
499 3973 596 4037 etiam
617 3973 645 4038 si
663 3972 872 4058 Brugmaunc
896 3973 980 4037 hanc
999 3976 1032 4037 et
1051 3967 1094 4048 ὡς
1113 3974 1151 4038 de
1171 3996 1234 4057 quc
1254 3995 1338 4038 uunc
1358 3972 1466 4057 agitur

168 4103 368 4146 communem
393 4079 551 4165 originem
573 4080 694 4146 habere
717 4076 908 4167 statuenti⁴)
932 4080 1085 4144 assentiri
1109 4103 1174 4145 uon
1198 4081 1311 4164 possis.

255 4186 460 4252 Vocabulum
484 4188 525 4252 ad
548 4188 634 4273 qued
657 4182 702 4264 ὡς
725 4191 865 4272 spectat,
889 4208 1016 4270 semper
1039 4187 1151 4251 statim
1174 4191 1251 4271 post
1269 4181 1314 4264 ὡς
1336 4188 1468 4272 ponitur

169 4349 378 4361 ,..-.-.-——.

258 4458 283 4525 1)
302 4453 374 4509 Vide
392 4451 507 4507 Kllhner
525 4472 551 4522 p.
566 4459 618 4507 370
637 4469 698 4507 cum
718 4456 819 4522 pecs.

256 4546 283 4613 2)
303 4543 374 4600 Vide
394 4542 523 4612 exempla
541 4560 612 4612 quae
631 4541 745 4613 collegit
764 4541 829 4594 Brix
847 4541 883 4596 ad
902 4540 992 4596 Plaut.
1012 4539 1090 4611 Oapt.
1106 4546 1148 4596 20.

257 4635 283 4703 3)
302 4634 356 4689 cfr.
371 4635 455 4688 Marc.
471 4639 496 4701 8,
512 4640 527 4688 9
547 4650 594 4688 sve
613 4630 702 4686 fidvor
716 4631 886 4703 pusuudjes3
907 4631 971 4685 Luc.
989 4637 1012 4698 1,
1028 4635 1061 4685 56
1076 4648 1123 4685 sve
1142 4632 1259 4699 meneps
1278 4630 1368 4702 prius,
1388 4634 1416 4686 et
1431 4631 1466 4686 al.

257 4723 481 4793 ultuma
