3360 5310
736 348 952 411 ..23-

281 503 500 589 ἐπιμέμνημαι
524 506 585 589 VI,
612 507 682 571 136.
730 506 780 570 Ad
811 507 1028 571 accusativum
1057 507 1187 592 αἵρεσιν
1211 509 1340 574 additur
1369 533 1427 593 per
1451 505 1495 588 ὡς

196 611 358 675 sententia
381 634 445 696 qua
468 616 643 677 narrantur
665 635 715 677 res
740 636 821 698 quae
845 615 1116 698 expugnationem
1141 616 1314 681 comitatae
1339 623 1421 683 sunt

284 715 398 800 φράζω
418 718 474 798 111,
485 720 541 808 273
556 718 595 801 V,
608 721 662 800 133
677 715 733 802 VI,
744 721 795 802 61,
809 721 868 784 131
894 716 1089 806 (sententiae
1109 716 1160 786 ὅτι
1174 716 1345 800 Ἑκαταῖος
1363 720 1424 808 μέν
1435 775 1496 791 .....
1550 746 1553 755 “

196 825 296 906 ἔφησε
319 827 494 909 opponitur
518 820 562 901 ὡς
586 821 623 889 δέ
646 821 741 891 αὐτοὶ
763 821 937 910 Ἀθηναῖοι
956 824 1112 910 λέγουσι).
1137 865 1180 874 -
1207 827 1262 911 IX,
1279 831 1319 895 12
1342 827 1493 917 (duarum

194 932 425 995 sententiarum
449 954 506 1017 per
528 935 586 997 καί
607 955 799 997 conexarum
818 934 907 1017 prior
926 928 977 998 ὅτι
996 935 1105 1016 habet,
1124 936 1226 999 altera
1250 930 1302 1012 ὡς.
1322 936 1361 1001 cf.
1377 959 1407 1019 p.
1428 935 1492 1024 17).

278 1032 501 1121 ὑποκρίνομαι
525 1039 549 1121 I,
573 1038 671 1123 2311,
697 1040 775 1122 1623
799 1039 872 1116 VII,
898 1042 976 1123 1483
1000 1040 1055 1125 IX,
1082 1043 1131 1106 16.

280 1139 457 1228 ἀμείβομαι
480 1145 540 1229 III,
563 1147 615 1210 34.

280 1246 424 1333 ἀναιρέω
449 1251 587 1335 11,·139.
633 1247 811 1318 ἀπικέσθαι
836 1249 998 1337 μαντήιον
1022 1253 1065 1339 II,
1082 1257 1153 1319 111.
1191 1254 1304 1321 ἐλθεῖν
1328 1253 1492 1340 μαντήιον

190 1356 232 1441 II,
258 1358 328 1422 133.
369 1347 455 1440 ἦλθε
478 1356 626 1443 χρησμός
650 1359 691 1442 lI,
717 1362 788 1425 152.
830 1356 995 1443 ἐμποιέων
1018 1359 1051 1436 ἐς
1074 1356 1113 1425 τά
1139 1365 1320 1427 Μουσαίου
1343 1360 1491 1447 χρησμόν

190 1462 265 1548 VII,
289 1465 317 1528 6.
363 1465 483 1530 είδεῖεν
507 1461 623 1548 λόγιον
648 1467 702 1550 IX,
725 1468 776 1531 42.
823 1469 892 1531 ἐστι
915 1463 1031 1550 λόγιον
1054 1466 1111 1550 ΙΧ,
1135 1469 1188 1532 42.

281 1566 543 1656 ἀναμνησθῆναι
565 1575 633 1638 τῶν
657 1577 781 1657 λογίων
805 1573 900 1658 VIII,
926 1575 998 1638 141.

282 1751 312 1814 2.
336 1746 433 1815 verba
457 1751 658 1836 ostendendi,
681 1752 937 1828 demonstrandi,
964 1753 1059 1816 simil.

279 1856 388 1940 δηλόω
412 1858 454 1942 II,
480 1859 555 1940 1163
579 1858 638 1941 III,
662 1859 717 1942 823
742 1858 798 1936 IV,
825 1859 901 1942 1183
926 1857 966 1940 V,
990 1860 1040 1924 78.
1086 1855 1197 1941 δηλόω
1222 1856 1309 1948 λόγῳ
1329 1859 1419 1942 VIII,
1439 1862 1491 1926 61.

278 1964 363 2047 δῆλα
387 1962 444 2051 (sc.
465 1962 547 2051 ἐστι)
567 1965 640 2049 VII,
664 1967 734 2047 162,
759 1967 785 2029 si
810 1967 1003 2048 scripturam
1028 1966 1173 2031 codicum
1198 1967 1381 2048 accipimus,
1418 1966 1492 2031 Mea

189 2074 298 2135 autem
322 2073 490 2155 sententia,
514 2073 721 2156 corrigendus
747 2076 796 2136 est
819 2074 907 2137 locus
933 2073 990 2136 sic:
1021 2061 1118 2148 οὗτος
1142 2068 1179 2136 δὲ
1203 2069 1220 2136 ὁ
1246 2068 1327 2148 νόος
1350 2074 1409 2137 τοῦ
1434 2069 1491 2158 ῥή-

189 2197 302 2260 ματος·
336 2179 420 2262 δηλα
448 2174 510 2263 γὰρ
542 2174 592 2245 ὅτι
621 2179 728 2244 ἐθέλει
757 2177 866 2260 λέγειν
891 2173 935 2255 ως
958 2203 985 2243 κ.
999 2203 1026 2244 τ.
1041 2184 1070 2244 λ.
1115 2177 1229 2263 Neque
1260 2180 1348 2243 enim
1378 2178 1414 2243 ἐν
1444 2182 1489 2269 τῷ

188 2285 328 2373 ἐνιαυτῷ
353 2279 440 2349 εἶναι
464 2281 503 2351 τὸ
524 2288 580 2370 ἔαρ
606 2283 833 2369 δοκιμώτατον
857 2308 960 2369 neque
983 2287 1041 2369 τῆς
1058 2286 1125 2351 τῶν
1144 2279 1316 2369 Ἑλλήνων
1336 2295 1491 2370 στρατιῆς

189 2386 250 2474 τὴν
273 2387 430 2475 στρατιὴν
454 2387 559 2457 αὐτοῦ
583 2398 632 2458 est
655 2392 864 2457 manifestum
874 2391 907 2478 ¹).
948 2390 1024 2458 Non
1048 2397 1099 2456 est
1122 2398 1230 2457 autem
1254 2393 1386 2457 dubium
1412 2395 1490 2479 quin

188 2498 267 2563 haec
291 2497 394 2564 Gelon
422 2499 526 2564 dicere
554 2501 700 2565 voluerit.
748 2499 939 2565 Coniectura
967 2522 1039 2563 mea
1067 2522 1105 2564 eo
1134 2501 1379 2565 commendatur
1403 2501 1487 2585 quod

190 2606 335 2690 quamvis
366 2610 442 2691 post
474 2605 558 2690 λέγω
591 2607 632 2671 ab
664 2606 838 2672 indicativo
872 2607 912 2670 ad
944 2607 1140 2670 infinitivum
1173 2629 1268 2691 saepe
1295 2611 1489 2691 transeatur,

190 2712 311 2778 nullum
344 2714 439 2778 huius
471 2714 628 2778 transitus
661 2714 843 2798 exemplum
877 2717 953 2797 post
982 2713 1067 2796 δῆλα
1099 2715 1270 2778 invenitur.
1317 2714 1489 2778 Praeterea

188 2823 334 2902 potestne
358 2821 567 2905 constructio,
591 2844 672 2906 quae
696 2825 745 2885 est
774 2821 975 2885 aecusativus
1000 2842 1073 2884 cum
1097 2821 1275 2904 infinitIvo,
1298 2827 1372 2905 post
1402 2821 1487 2905 δῆλα

188 2927 313 3010 accipi?
352 2927 544 3012 Exemplum
577 2928 705 3012 quidem
738 2950 800 3012 quo
834 2927 962 2991 defendi
994 2927 1099 3011 possit
1126 2927 1263 3010 reperire
1291 2949 1356 2992 non
1386 2928 1487 3011 potui.

187 3032 352 3117 Origmem
377 3036 524 3104 lectionis
548 3036 650 3099 falsae
674 3035 799 3117 explico
819 3035 879 3098 sic:
904 3032 967 3097 Pro
986 3034 1093 3098 verbis
1115 3027 1166 3099 ὅτι
1189 3032 1299 3099 ἐθέλει
1322 3034 1431 3116 λέγειν
1455 3036 1488 3098 in

188 3144 278 3204 textu
307 3142 375 3205 eius
399 3143 474 3207 libri
503 3164 600 3207 manu
625 3143 737 3225 scripti
770 3141 853 3204 unde
887 3141 1044 3224 originem
1076 3140 1168 3203 duxit
1197 3140 1298 3204 codex
1320 3143 1366 3223 λλ,
1394 3162 1487 3224 quem

189 3245 279 3311 Stein
299 3248 442 3314 omnium
463 3250 579 3333 quibus
599 3272 676 3313 usus
691 3251 740 3312 est
756 3248 968 3332 archetypum
982 3251 1215 3330 parentemque
1229 3246 1329 3310 fuisse
1344 3245 1487 3332 eredit²)‚

187 3355 331 3439 omissis,
355 3346 393 3421 ἰο
418 3355 475 3443 (=
491 3350 589 3443 dcc)³)
613 3355 722 3421 ἐθέλει
745 3353 854 3438 λέγειν
877 3356 912 3418 in
936 3355 1081 3438 margine
1109 3355 1173 3436 vel,
1201 3352 1237 3417 id
1262 3354 1346 3438 quod
1371 3354 1486 3437 proba·

152 3549 153 3552 Ἴ
187 3462 285 3528 bilius
309 3467 366 3549 est,
391 3487 488 3546 supra
511 3465 629 3527 lineam
655 3464 794 3547 ascripta
818 3466 907 3546 sunt3
931 3461 1045 3525 deinde
1064 3484 1123 3545 pro
1143 3461 1182 3524 iis
1206 3460 1356 3524 librarius
1381 3461 1436 3544 qui
1454 3464 1487 3524 Ω

188 3570 318 3654 scripsit
341 3564 378 3635 τδ
402 3568 511 3635 ἐθέλει
534 3568 642 3653 λέγειν
662 3570 696 3634 in
714 3573 804 3634 textu
823 3572 898 3653 post
917 3565 1062 3652 ῥήματος
1080 3568 1163 3631 falso
1183 3567 1301 3650 posuit.
1338 3567 1422 3631 Eum
1443 3561 1487 3642 ὡς

185 3680 259 3759 post
282 3677 367 3759 δῆλα
390 3677 484 3740 facile
507 3676 671 3741 induxisse
694 3681 731 3740 ut
755 3679 890 3759 erraret,
914 3680 978 3758 est,
1001 3680 1089 3759 puto,
1114 3678 1272 3758 apertum.

274 3785 358 3866 δῆλα
382 3785 518 3861 ἔσεσθαι
543 3782 597 3867 VI,
612 3783 664 3848 52.
693 3785 777 3867 δῆλα
800 3782 918 3866 γέγονε
941 3782 1000 3864 III,
1015 3782 1065 3847 35.
1096 3783 1181 3866 δῆλα
1204 3780 1329 3847 ποιέειν
1353 3781 1394 3865 II,
1411 3782 1483 3846 102.

274 3885 494 3974 ἀποδείκνυμι
520 3890 558 3976 V,
581 3892 624 3955 22
647 3889 735 3977 (bis).
783 3884 1027 3973 ἀποδείκνυμαι
1050 3889 1108 3972 VI,
1132 3889 1183 3954 53.

275 3997 485 4081 διαδείκυυμι
509 3997 535 4075 Ι,
558 3998 610 4063 31.

274 4108 425 4187 σημαίνω
444 4106 468 4188 I,
478 4107 535 4188 343
554 4104 644 4188 VIII,
654 4105 773 4188 8‚138;
795 4103 851 4188 111,
862 4105 904 4170 33
929 4103 981 4188 (de
1002 4104 1122 4188 VIII,8
1142 4107 1175 4167 et
1192 4104 1253 4168 138
1278 4103 1351 4166 vide
1377 4125 1406 4185 p.
1420 4099 1485 4188 14).

196 4261 200 4275 .
274 4213 424 4293 σημαίνω
461 4206 520 4276 τὸν
557 4207 666 4276 πάντα
701 4207 804 4294 λόγον
841 4210 997 4289 Ι11,179.
1049 4209 1096 4274 De
1132 4211 1291 4274 intinItivo
1327 4212 1403 4293 post
1442 4202 1486 4284 ὡς

275 4425 302 4492 1)
321 4421 375 4478 Cfr.
396 4423 606 4477 adnotationem
626 4421 733 4477 Steinii.

274 4514 302 4580 2)
323 4511 392 4565 Vide
411 4511 594 4582 praefationis
613 4512 649 4565 ad
668 4511 710 4565 ed.
729 4510 789 4566 crit.
808 4530 834 4581 p.
850 4510 921 4565 XXI.

275 4603 302 4671 3)
321 4601 376 4656 efr.
388 4602 476 4666 Blass,
496 4600 605 4655 Griech.
617 4598 844 4669 Palaeographie.
883 4601 951 4655 Tab.
968 4600 1007 4652 Ill
1026 4600 1055 4654 in
1074 4600 1231 4654 Handbuch
1250 4600 1299 4653 der
1317 4597 1484 4653 classisohen

184 4689 562 4746 Alterthumswissensohaft.
601 4688 679 4744 Band
698 4690 717 4742 1.
754 4688 1024 4759 Nordlingen1885.
