3360 5310
726 316 940 380 ·.27..

187 478 237 561 sit,
261 483 356 561 recte,
379 481 467 562 putu,
491 478 648 541 definiunt
671 475 908 562 grammatici¹)
932 479 994 560 ita,
1018 480 1053 540 ut
1076 480 1222 540 statuant
1245 499 1315 541 cum
1337 477 1486 541 coniunc-

185 587 272 650 tivus
298 589 483 669 usurpetur,
507 585 695 649 uiuidiorem
720 584 788 648 fieri
812 585 1039 649 narrationem.

274 690 379 758 Semel
407 693 562 756 habemus
595 691 833 756 coniunctivum
868 714 938 756 eum
969 693 1114 775 optativo
1144 692 1342 774 copulatum:
1374 691 1487 769 1‚185

187 799 290 864 ε’ποίεε
311 796 347 863 δὲ
366 794 537 884 ἀμφότερα
557 807 660 862 ταῦτα
682 792 819 874 ...atr
844 794 862 861 ὅ
885 821 919 861 τε
942 795 1089 881 ποταμὸς
1111 795 1315 884 βραδύτερος
1338 802 1388 881 είη
1412 795 1487 880 περὶ

186 902 313 989 καμπὰς
343 901 469 981 πολλὰς
492 899 688 989 ἀγνύμενος,
713 901 767 967 καλ
798 905 831 968 ot
852 903 949 969 πλόοι
978 908 1056 970 έωσι
1085 903 1210 971 σκολιοὶ
1242 903 1273 981 ἐς
1296 899 1357 987 τὴν
1381 906 1486 987 Βαβυ·

186 1019 290 1097 λολνα,
320 1015 355 1077 έκ
378 1036 412 1078 τε
439 1015 506 1077 τεόν
530 1008 645 1091 πλόων
673 1009 840 1094 ἐκδέκηται
863 1013 1019 1106 περίοδος
1041 1014 1099 1095 τῆς
1122 1015 1240 1095 λίμνης
1263 1007 1379 1094 μακρή.
1426 1011 1488 1075 Sed

145 1141 149 1149 ’
186 1144 259 1186 cum
282 1122 316 1184 in
350 1119 517 1184 sententiis
546 1106 670 1183 ultimis
698 1120 801 1182 maius
830 1123 1042 1198 momentum,
1074 1120 1109 1183 ni
1135 1119 1248 1203 fallor,
1271 1119 1412 1201 positum
1437 1120 1488 1196 sit,

185 1250 249 1292 non
270 1232 320 1292 est
337 1250 393 1292 our
412 1221 755 1291 miremur'transitum
779 1225 813 1289 in
832 1226 1080 1312 coniunctivum,
1104 1227 1167 1310 qui,
1191 1230 1228 1290 ut
1251 1225 1330 1308 dixi,
1353 1226 1488 1290 vividior

188 1338 238 1399 est
262 1356 357 1418 quarn
381 1333 561 1418 optativus,
583 1333 660 1397 fieri.

275 1439 335 1504 His
354 1440 387 1504 in
407 1440 577 1505 sententiis
597 1461 661 1504 non
681 1440 777 1504 obvia
792 1444 867 1504 sunt
882 1441 963 1524 apud
979 1440 1180 1506 Herodotum
1195 1445 1344 1523 tempora
1363 1446 1489 1525 praeter

169 1568 338 1632 praesens
358 1552 390 1611 et
409 1547 576 1630 aoristum,
591 1568 672 1630 quae
691 1547 777 1616 inter
796 1568 829 1610 se
845 1568 883 1611 eo
903 1547 1063 1630 differunt,
1078 1548 1163 1631 quod
1182 1548 1209 1610 si
1230 1548 1313 1611 actio
1332 1548 1405 1630 ipsa
1420 1569 1486 1630 pre-

187 1653 301 1718 menda
324 1657 381 1736 est,
405 1654 542 1718 aoristus
562 1657 744 1737 usurpatur,
764 1654 791 1716 si
811 1654 952 1736 spatium
972 1654 1118 1738 actionis,
1136 1652 1329 1740 praesens.²)
1368 1653 1488 1718 Tamen
1587 1722 1590 1728 ,

188 1765 319 1824 nonest
338 1759 572 1845 neglegendum
589 1760 767 1842 verborum,
783 1782 918 1845 quorum
938 1762 1078 1826 aoristus
1097 1784 1262 1846 nunquam
1277 1763 1327 1825 vel
1351 1784 1423 1825 raro
1442 1763 1489 1825 in-

189 1868 324 1952 venitur,
338 1889 489 1951 praesens
505 1867 604 1931 simili
618 1889 749 1931 munere
765 1871 860 1952 atque
877 1869 1033 1933 aoristum
1048 1869 1219 1933 verborum
1235 1869 1373 1932 aliorum
1386 1869 1489 1952 fungi.

276 1969 320 2051 ὡς
356 1975 534 2058 particulae
570 1974 730 2057 particula
763 1971 805 2038 όν
839 1998 932 2060 saepe
968 1976 1109 2061 additur,
1137 1998 1217 2061 quae
1250 1998 1322 2040 cum
1354 1976 1493 2058 additur,

188 2104 315 2167 semper
343 2083 452 2146 statim
481 2087 557 2166 post
585 2076 630 2158 ὡς
657 2082 795 2164 ponitur.
842 2079 924 2147 Sunt
947 2084 1002 2167 qui
1030 2078 1075 2160 ὡς
1097 2079 1141 2147 όν
1170 2084 1210 2147 ab
1235 2077 1281 2160 ως
1304 2105 1341 2147 eo
1365 2083 1492 2147 differre

188 2193 303 2273 putent
335 2189 435 2274 quod,
471 2172 507 2252 rit
543 2189 648 2253 verbis
683 2186 858 2253 Godofredi
894 2188 1093 2277 Hermann³)
1130 2195 1216 2271 utar,
1254 2191 1280 2253 si
1318 2190 1401 2253 desit
1437 2185 1492 2271 ίίν,

191 2296 379 2379 simpliciter
403 2294 589 2359 enuntietur
612 2295 791 2378 consilium,
815 2298 842 2359 si
868 2296 1033 2380 adiciatur,
1056 2298 1178 2382 aliquid
1203 2299 1329 2362 fortuiti
1353 2296 1491 2360 accedat.

192 2401 283 2491 Licet
310 2424 368 2485 pro
396 2403 456 2466 hac
485 2401 638 2485 opinione
666 2402 802 2485 proferri
825 2425 920 2486 posse
944 2405 1092 2469 videatur
1119 2405 1149 2490 I,
1170 2405 1233 2470 152
1262 2399 1279 2469 ὁ
1305 2400 1341 2468 δὲ
1365 2400 1492 2488 πορφύ-

189 2505 321 2590 ρεόνωε
343 2500 418 2591 εἷμα
437 2505 709 2592 περιβαλόμενος,
729 2503 774 2585 ὡς
792 2501 835 2573 dcv
854 2507 1108 2595 πυνθανόμενοι
1126 2516 1275 2582 ,πλεῖστοι
1295 2509 1492 2575 συνέλθοιεν

191 2614 436 2700 Σπαρτιητέων,
459 2613 514 2679 καλ
538 2611 700 2692 καταστὰς
724 2619 815 2699 ἔλεγε
837 2613 953 2700 πολλοί,
977 2622 1087 2682 tamen
1110 2619 1138 2683 si
1162 2641 1211 2683 res
1232 2620 1279 2682 ita
1298 2640 1331 2682 se
1351 2618 1493 2701 haberet,

190 2722 319 2787 difficile
344 2727 428 2787 esset
457 2727 597 2807 statuere
621 2744 677 2786 cur
701 2719 744 2787 όν
773 2747 838 2788 non
862 2725 971 2789 addita
995 2727 1039 2789 sit
1064 2725 1094 2809 I,
1113 2727 1156 2792 46
1186 2723 1340 2808 διέπεμπε
1365 2721 1401 2790 δέ
1424 2747 1492 2789 πει-

191 2825 339 2912 ρωμενος
369 2830 436 2893 τῶν
465 2833 636 2912 μαντηίων
665 2824 716 2894 ὅτι
745 2831 941 2916 φρονέοιεν,
966 2826 1024 2913 ὡς,
1053 2834 1084 2896 εί
1110 2831 1298 2916 φρονέοντα
1326 2828 1388 2916 τὴν
1415 2828 1493 2916 ἄλη-

190 2940 288 3018 θείην
317 2930 488 3018 εὑρεθείη,
518 2935 688 3019 έπείρηταί
708 2955 794 3020 σφεα
819 2934 966 3021 δεύτερα,
996 2944 1028 3003 et
1056 2938 1114 3021 IX,
1141 2941 1203 3004 104
1231 2942 1426 3022 Μιλησίοισι
1455 2937 1492 3004 δὲ
1598 2982 1601 2987 -

189 3042 425 3126 προσετέτακτο
450 3040 510 3126 μὲν
534 3044 602 3106 τῶν
622 3044 782 3123 Περσέων
805 3042 863 3122 τὰς
888 3043 1023 3122 διόδους
1047 3044 1176 3138 τηρέειν
1196 3050 1359 3132 σωτηρίης
1382 3044 1491 3111 είνεκοί

190 3169 260 3232 σφι,
285 3145 339 3232 ὡς,
363 3143 406 3233 ἢν
430 3145 495 3232 όίρα
519 3148 622 3232 σφέας
645 3149 881 3238 καταλαμβόνη
906 3144 961 3217 οἷό
984 3174 1043 3235 περ
1067 3151 1239 3236 κατέλαβε,
1267 3157 1397 3237 ἔχοντες
1419 3151 1491 3238 ἡγε-

190 3253 295 3340 μόνας
328 3255 496 3337 σώζωνται
529 3257 562 3332 ές
588 3252 647 3333 τὰς
676 3255 828 3341 κορυφδις
857 3261 915 3342 τῆς
943 3256 1120 3343 Μυκάλης,
1154 3261 1270 3347 quibus
1303 3262 1381 3326 locis
1416 3263 1494 3326 solis
1549 3300 1552 3306 <

193 3365 278 3448 apud
306 3363 508 3429 Herodotum
536 3364 726 3448 exprimitur
753 3365 898 3430 condicio
927 3368 977 3430 cui
1008 3368 1170 3432 sententia
1199 3368 1305 3432 finalis
1330 3368 1496 3434 subicitur.

279 3470 392 3556 Neque
425 3493 557 3554 possum
586 3471 705 3534 sentire
733 3472 765 3534 in
795 3470 927 3553 V111,7
961 3474 1028 3537 τῶν
1061 3481 1147 3539 νεῶν
1176 3468 1331 3540 ἁπασέων
1360 3470 1495 3558 ἀποκρί·

191 3600 308 3652 ναντες
328 3578 499 3659 διηκοσίας
516 3576 737 3663 περιέπεμπον
758 3576 883 3655 ἔξωθεν
899 3576 1067 3663 Σκιάθου,
1087 3575 1131 3658 ὡς
1150 3573 1192 3646 dv
1208 3577 1251 3664 μη
1267 3576 1457 3666 ὀφθείησαν
1464 3578 1491 3667 4)

282 3772 307 3840 1)
327 3769 380 3825 Cfr.
401 3771 544 3838 Goodwin,
565 3772 583 3826 l.
603 3773 620 3826 l.
640 3790 666 3841 p.
684 3777 724 3825 71.
756 3770 830 3826 Note
851 3779 874 3825 1.
912 3773 1035 3841 Kiihner‚
1054 3780 1180 3845 p.897c
1219 3775 1343 3844 Madvig,
1361 3795 1387 3845 p.
1405 3782 1455 3829 146
1466 3775 1491 3829 b.

281 3861 308 3930 θ)
328 3859 383 3915 cfr.
398 3859 518 3923 Curtius,
532 3859 641 3915 Griech.
657 3860 840 3916 Grammatik.
862 3868 902 3917 15.
918 3863 1048 3932 Auslage.
1072 3865 1189 3935 Leipzig
1205 3871 1281 3920 1882.
1300 3871 1315 3931 ξ
1331 3872 1390 3920 495.
1410 3865 1492 3920 Anm.

193 3947 336 4014 Goodwin,
355 3968 383 4019 p.
400 3957 424 4004 8.
463 3950 583 4018 Kfihner,
602 3969 629 4020 p.
647 3956 704 4004 156.
742 3951 865 4022 Madvig,
885 3958 968 4018 §128
988 3955 1151 4018 et§134c

282 4040 308 4106 3)
329 4039 429 4108 Opusc.
448 4038 495 4104 IV,
514 4057 541 4107 p.
558 4043 615 4092 120.
653 4039 695 4092 Ne
716 4042 808 4094 autem
828 4040 939 4109 iniquus
958 4042 1021 4112 sim,
1040 4060 1097 4097 non
1116 4043 1348 4098 dissimulandum
1367 4047 1411 4098 est
1429 4062 1491 4098 eum

193 4147 219 4198 p.
237 4132 285 4181 121
312 4128 425 4183 addere:
457 4126 563 4197 ‘Saepe
590 4145 647 4182 non
670 4127 788 4182 multum
814 4129 932 4185 interest
959 4131 1113 4187 addaturne
1137 4130 1174 4186 ἄν
1198 4150 1233 4187 an
1256 4134 1423 4188 omittatur.’
1462 4135 1493 4188 ln

192 4218 291 4271 eadem
320 4217 450 4287 opinione
478 4234 533 4286 qua
554 4215 699 4271 Hermann
728 4219 794 4272 sunt
821 4218 936 4274 Kiihner
963 4220 1023 4288 (cfr.
1043 4240 1070 4290 p.
1087 4227 1147 4290 900,
1168 4223 1194 4292 5)
1224 4223 1253 4277 et
1281 4223 1391 4277 Curtius
1419 4224 1493 4294 (vide

194 4305 449 4377 Schulgrammatik
474 4311 564 4372 5531.
584 4307 685 4375 Δανα).
717 4307 819 4362 Contra
839 4309 954 4378 Madvig
974 4310 1033 4377 (cfr.
1053 4330 1079 4379 p.
1096 4310 1170 4380 130²)
1194 4311 1275 4366 dicit:
1296 4311 1363 4379 „Bei
1382 4309 1419 4375 ὡς
1437 4313 1494 4367 und

193 4391 269 4458 ὅπως
296 4396 416 4451 bewirkt
442 4392 478 4450 ἄν
506 4395 587 4450 keine
617 4396 798 4450 bemerkbare
824 4396 1052 4468 Veranderungf‘
1090 4400 1158 4453 Cum
1184 4399 1327 4468 Madvigio
1356 4403 1495 4456 consent't

195 4486 338 4552 Goodwin,
359 4506 385 4556 p.
401 4493 443 4541 68.
463 4485 535 4541 Note
555 4491 570 4538 2
590 4488 619 4543 et
636 4503 663 4554 p.
679 4491 720 4541 69.
740 4484 814 4540 Note
833 4494 857 4541 3.

285 4579 312 4645 4)
332 4577 384 4631 Pro
405 4575 567 4646 ὀφθείησαν
586 4575 712 4629 codicum
731 4573 845 4629 Asscd
869 4576 972 4645 legitur
995 4577 1023 4631 in
1048 4578 1190 4633 codicibus
1214 4578 1331 4649 reliquis
1355 4577 1494 4650 ὀφθέωω,

196 4665 271 4734 quod
291 4665 411 4720 editores
436 4666 563 4722 nonnulli
582 4663 731 4734 accipiunt.
771 4665 902 4731 Quamvis
926 4665 995 4719 nihil
1016 4667 1053 4720 eit
1071 4671 1143 4724 unde
1163 4672 1225 4724 utra
1243 4670 1328 4724 lectio
1348 4670 1385 4723 sit
1403 4674 1494 4725 verior
