3360 5310
730 286 944 350 432-

183 441 310 527 VIII‚4
333 440 403 508 ἐπεὶ
432 438 562 509 αὐτοῖσι
592 440 679 528 παρὰ
708 441 809 525 δόξαν
837 442 876 510 τά
906 442 1080 530 πρήγματα
1108 448 1175 512 τῶν
1203 444 1383 532 βαρβάρων
1412 443 1489 513 ἀπέ-

185 552 280 632 βαινε
303 543 325 634 ἢ
351 544 394 628 ἀς
417 547 623 616 κατεδόκεον.

275 675 318 758 II,
335 677 384 739 11.
407 677 476 739 ἐστι
501 671 537 740 δέ
659 674 782 754 κόλπος
804 674 978 762 θαλάσσης
1001 727 1099 742 .....
1124 674 1248 762 μακρὸς
1277 675 1363 742 οὕτω
1393 676 1435 762 δή
1459 704 1490 743 τι

187 779 241 846 καὶ
264 779 392 859 στεινὸς
415 776 458 858 ὡς
483 785 619 867 ἔρχομαι
644 781 797 869 φράσων.

278 891 349 954 140.
373 885 459 965 ὅκως
482 886 546 975 γάρ
572 891 606 954 οί
627 891 750 973 φοιτᾶν
768 901 862 955 σῖτον
885 886 1029 973 άμοντας
1048 893 1240 975 Αἰγυπτίων
1261 887 1305 968 ὡς
1323 889 1491 957 ἑκάστοισι

71 991 73 994 ’
185 991 431 1080 προστετάχθαι
439 993 475 1080 ¹).

152 1197 156 1203 ,
274 1121 330 1206 IV,
351 1122 424 1186 139.
447 1124 604 1185 τίσασθαι
629 1116 716 1186 οὕτω
741 1116 786 1197 ὡς
808 1105 941 1197 κείνους
962 1121 1087 1206 πρέπει.

273 1244 313 1328 V,
335 1247 384 1310 12.
408 1245 627 1323 σκευάσαντες
650 1243 712 1329 τὴν
735 1241 903 1330 ἀδελφεὴν
928 1242 972 1322 ὡς
996 1241 1086 1331 εἶχον
1110 1241 1237 1331 ἀριστα.
1280 1275 1282 1278 >

274 1353 326 1417 49.
349 1355 562 1436 κατοίκηνται
586 1350 623 1422 db
646 1347 799 1436 diluitur)
824 1351 976 1437 ἐχόμενοι
1000 1350 1045 1429 ὡς
1068 1351 1130 1435 ἐγὼ
1155 1349 1283 1436 φράσοι.
1353 1384 1356 1390 ·

274 1476 327 1561 VI,
347 1478 398 1542 38.
435 1475 489 1542 καὶ
527 1479 561 1541 οί
597 1473 829 1561 τελευτήσαντι
865 1483 1115 1563 Χερσονησῖται,
1144 1473 1270 1541 θύουσι
1309 1473 1353 1554 τός
1386 1476 1492 1564 νόμος

186 1586 325 1671 οἰκιστῇ.

277 1693 347 1756 107.
371 1702 507 1777 πταρεῖν
530 1715 564 1756 τε
587 1689 641 1756 καὶ
665 1692 763 1776 βῆξαι
786 1688 931 1775 μεζόνως
953 1685 974 1774 ἢ
999 1686 1043 1768 ὡς
1067 1688 1179 1757 ἐώθεε.

280 1800 350 1864 139.
374 1801 492 1882 κλίνην
517 1794 723 1883 στρώσαντες
746 1793 791 1874 ὡς
814 1794 905 1883 εἶχον
928 1795 1093 1864 κάλλιστα.

277 1921 350 2006 VII,
369 1923 421 1988 47.
455 1916 530 2000 όψις
563 1919 623 2006 μέν
656 1915 677 2004 ἡ
712 1921 908 2006 ἐπιφανεῖσα
939 1923 1000 1986 τοῦ
1033 1921 1183 2007 ὀνείρου,
1204 1918 1266 2000 ’ὡς
1297 1921 1491 2008 βουλόμεθα

187 2022 383 2114 ἀμφότεροι,
407 2025 617 2112 τελευτήσειε.

276 2155 327 2220 60.
346 2152 400 2218 καὶ
421 2150 645 2232 συννάξαντες
658 2150 782 2237 ταύτην
803 2150 846 2231 ὡς
865 2152 1004 2238 μάλιστα
1020 2149 1110 2240 εἶχον
1125 2155 1350 2240 περιέγραψαν
1365 2157 1492 2236 ἔξωθεν

189 2259 321 2326 κύκλον.

280 2368 331 2433 88.
353 2364 414 2433 τόν
439 2364 476 2432 δὲ
499 2368 601 2433 ἵππον
626 2362 836 2431 αότίκα’κατ’
862 2363 965 2453 ἀρχάς
988 2369 1147 2453 ἐποίησαν
1171 2363 1215 2445 τός
1239 2369 1375 2435 ἐκέλευε.

281 2490 371 2576 Vffl,
391 2493 469 2557 68α.
493 2486 684 2576 ἀπήλλαξαν
708 2487 796 2557 οὕτω
821 2486 866 2568 ἀς
888 2496 1020 2569 κείνους
1044 2496 1169 2579 ἔπρεπε.

279 2614 336 2700 IX,
356 2618 405 2680 70.
435 2611 619 2700 duellatores
644 2613 680 2681 ol
704 2614 889 2702 ἐφράξαντο
917 2612 962 2695 ὣς
990 2613 1153 2702 ἠδυνέατο
1177 2614 1295 2703 ἀριστα
1318 2617 1355 2685 τὸ
1379 2630 1496 2702 τεῖχος.

282 2738 547 2806 Constructiones
580 2735 625 2818 ὡς
656 2743 770 2808 ποδῶν
804 2737 893 2827 εἶχον
924 2740 993 2830 (IX,
1008 2740 1066 2830 59)
1095 2748 1127 2808 et
1159 2739 1204 2820 ὡς
1236 2739 1326 2828 εἶχον
1358 2740 1497 2828 τάχιστα

191 2847 261 2931 (cfr.
275 2847 315 2930 V,
332 2850 382 2933 12,
405 2851 455 2914 vel
470 2847 526 2933 Vl,
543 2849 620 2930 139)
649 2850 683 2914 in
716 2872 815 2914 uuum
843 2850 995 2915 confusae
1027 2855 1102 2915 sunt
1129 2852 1161 2915 in
1192 2845 1236 2927 ἀς
1265 2850 1379 2915 ποδῶν
1404 2845 1496 2934 εἶχον

191 2952 327 3040 τάχιστα
347 2954 403 3042 VI,
424 2957 497 3020 116.

280 3080 311 3168 o)
336 3081 480 3146 Verbum
503 3082 681 3146 sententiae
692 3082 868 3164 relativae,
892 3102 964 3145 oum
984 3103 1023 3145 ex
1042 3081 1204 3145 sententia
1224 3082 1379 3164 primaria
1397 3081 1496 3146 faoile

192 3189 338 3274 intellegi
358 3189 471 3273 possit,
490 3210 555 3252 non
574 3188 772 3272 exprimitur.
795 3186 889 3252 Locis
908 3188 971 3252 huo
991 3188 1166 3252 referendis
1186 3194 1236 3253 est
1256 3209 1332 3253 sane
1354 3188 1500 3252 brevitas

193 3296 332 3375 dicendi,
365 3295 419 3360 sed
448 3296 537 3359 nulla
566 3294 702 3378 ellipsis3
735 3316 811 3359 nam
839 3296 1109 3379 breviloquentia,
1142 3299 1178 3359 ut
1207 3293 1374 3359 Hermann
1401 3293 1503 3358 docet

194 3401 317 3486 (opusc.
332 3401 356 3485 I,
370 3425 400 3486 p.
418 3398 505 3486 152),
529 3423 566 3466 eo
587 3403 627 3465 ab
648 3402 756 3485 ellipsi
782 3402 896 3486 differt,
920 3401 1003 3486 quod
1028 3403 1060 3466 in
1084 3402 1342 3486 breviloquentia
1365 3421 1381 3464 e
1404 3421 1501 3484 prae-

194 3507 380 3572 cedentibus
400 3508 451 3571 vel
471 3508 678 3593 sequentibus
703 3508 810 3572 verbis
835 3508 955 3594 aliquid
975 3508 1226 3593 intellegendum
1246 3512 1304 3591 est,
1331 3508 1365 3571 in
1388 3507 1499 3598 ellipsi

195 3614 367 3696 autemid,
391 3614 476 3698 quod
498 3616 645 3699 intellegi
670 3615 774 3699 debet,
797 3637 959 3699 nusquam
984 3617 1109 3680 dieitur.

284 3738 309 3822 l,
328 3740 357 3803 2.
386 3732 472 3802 οὕτω
505 3735 565 3821 μὲν
593 3734 682 3804 Ἰοῦν
716 3739 748 3817 ἐς
777 3747 949 3823 Αίγυπτον
982 3735 1160 3805 ἀπικέσθαι
1193 3737 1327 3822 λέγουσι
1355 3739 1498 3823 Πέρσαι,

196 3842 258 3912 οὐκ
282 3840 327 3921 ὡς
341 3840 506 3929 Ἕλληνες.

288 3954 359 4017 178.
383 3948 579 4036 ἐκεκόσμητο
604 3950 640 4017 δέ
664 3949 708 4030 ὡς
732 3949 834 4019 οὐδὲν
858 3950 939 4019 ἀλλο
963 3950 1109 4037 πόλισμα
1130 3954 1199 4018 τάν
1223 3946 1316 4037 ἡμεῖς
1339 3953 1444 4037 ίὸμεν.

289 4060 359 4124 191.
383 4060 504 4142 ἔλαβον
527 4054 569 4123 ἀν
593 4077 697 4143 σφεας
720 4054 764 4136 ὡς
788 4060 824 4125 ἐν
848 4057 959 4147 κόρτη.

285 4184 414 4269 111,23.
437 4178 525 4262 όζειν
549 4182 586 4250 δέ
610 4179 665 4249 ἀπ’
692 4180 793 4268 αὐτῆς
817 4181 861 4261 ὡς
883 4187 915 4250 εί
938 4191 1008 4249 ίιον.
1046 4184 1207 4249 Particula
1232 4186 1262 4248 εί
1284 4207 1321 4248 ex
1345 4183 1501 4267 loquendi

199 4292 427 4358 consuetudine
451 4290 607 4356 Herodoti
631 4294 664 4356 et
687 4291 829 4356 omnium
854 4292 1047 4377 scriptorum
1067 4288 1262 4355 Graecorum
1285 4294 1412 4374 praeter
1430 4288 1503 4356 Ho-

288 4539 315 4606 1)
335 4538 375 4592 De
398 4537 535 4594 infinitivo
559 4537 622 4594 vide
641 4537 781 4609 Gavallin,
804 4539 823 4592 l.
842 4538 861 4593 l.
880 4555 907 4607 p.
922 4542 956 4592 85
976 4540 1003 4592 et
1023 4555 1100 4608 seqq.
1106 4580 1115 4606 ,
1142 4537 1191 4592 ubi
1220 4538 1271 4592 ‘de
1298 4535 1446 4594 infinitivis
1471 4539 1499 4592 iu

199 4627 440 4682 enuntiationibus
461 4626 595 4682 orationis
615 4627 746 4697 obliquae
765 4626 948 4684 secundariis’
970 4627 1081 4698 copiose
1100 4626 1266 4696 disputatur.
1417 4634 1418 4638 ’
