3360 5310
724 373 940 436 ...41-

185 533 357 617 participio
382 533 559 617 exponitur,
582 554 648 597 non
666 556 725 618 pro
745 535 841 616 certo,
865 532 918 597 sed
939 536 1066 598 tantum
1090 557 1148 618 pro
1168 533 1328 597 sententia
1346 534 1396 596 vel
1415 533 1483 616 opi-

186 639 281 704 nione
305 640 454 724 alicuius,
481 640 666 724 plerumque
691 640 826 705 subiecti
851 640 1028 704 sententiae
1052 640 1236 724 primariae,
1264 639 1484 722 accipiendum

187 743 299 833 essel).
333 746 439 820 .Hanc
463 747 638 830 particulae
661 748 727 812 vim
751 771 789 812 ox
812 769 873 811 usu
895 748 929 811 in
954 748 1123 812 sententiis
1145 746 1373 831 comparativis
1392 745 1485 810 facile

186 857 291 919 ortam
314 875 384 919 esse
409 877 507 939 supra
531 852 574 939 (p.
595 851 652 940 35)
677 852 784 938 dixi2).

273 977 411 1044 Causam
435 979 587 1063 exprimit
609 979 816 1063 participium
839 981 890 1045 cui
913 977 958 1055 ὡς
981 979 1180 1063 praefigitur.

277 1105 304 1167 1.
326 1104 506 1188 praesentis
531 1104 563 1189 a)
588 1105 626 1168 ad
652 1105 830 1168 sententiae
858 1105 1030 1188 primariae
1058 1125 1176 1169 nomen
1204 1106 1367 1187 pertinens
1390 1105 1415 1185 I,
1436 1106 1486 1187 73,

186 1212 238 1294 84,
259 1212 335 1294 171,
358 1210 400 1294 ΙΙ,
421 1213 482 1276 121
494 1215 517 1294 ζ,
539 1211 610 1295 155,
627 1212 690 1276 174
709 1208 773 1298 (bis
789 1249 829 1256 -
846 1211 945 1275 semel
965 1234 1037 1275 cum
1057 1212 1228 1295 participio
1248 1211 1381 1294 perfecti
1393 1201 1486 1294 ’ἐκτῆ-

186 1316 316 1400 μένοισι
347 1318 378 1381 vi
404 1319 584 1403 praesentis
616 1322 771 1403 usurpato
802 1315 1013 1403 copulatum).
1058 1316 1116 1402 ΙΙΙ,
1135 1319 1187 1398 27,
1206 1317 1258 1403 52,
1279 1319 1341 1383 136
1365 1313 1488 1393 αὐτοὺς

98 1418 101 1422 ’
185 1422 265 1500 τοὺς
287 1423 419 1510 Πέρσας
447 1419 531 1510 εἶρξε
560 1419 604 1500 ὡς
629 1421 858 1500 κατασκόπους
887 1425 992 1508 δῆθεν
1020 1421 1142 1502 ἐόντας.
1190 1425 1351 1490 ParticuIa
1380 1426 1487 1508 δῆθεν

187 1532 325 1615 scriptor
347 1532 470 1596 indicat
493 1531 608 1596 Persas
632 1554 666 1596 re
689 1553 764 1595 vera
783 1533 1003 1614 speculatores
1022 1554 1087 1597 non
1107 1532 1215 1596 fuisse.
1262 1531 1390 1615 IV,84,
1411 1535 1488 1614 101,

187 1636 226 1721 V,
244 1639 296 1722 24,
316 1638 367 1721 67,
388 1639 438 1722 78,
458 1641 509 1721 80,
529 1639 585 1723 85,
609 1638 666 1722 VI,
684 1641 715 1723 2,
736 1639 785 1722 15,
804 1639 856 1723 52,
876 1640 931 1724 63,
957 1637 1027 1716 VII,
1052 1640 1090 1704 17
1116 1634 1175 1726 (ὡς
1198 1635 1239 1721 δή
1264 1662 1335 1704 cum
1358 1638 1488 1725 ironia),

188 1745 239 1829 35,
258 1746 310 1830 99,
332 1746 403 1829 106,
421 1748 495 1828 203,
514 1746 588 1830 213,
607 1747 685 1831 223,
705 1746 793 1831 VIII,
813 1748 842 1830 7,
863 1748 938 1830 120,
958 1745 1015 1829 IX,
1036 1748 1085 1830 11,
1103 1747 1156 1831 42,
1170 1746 1222 1831 54,
1236 1745 1288 1829 59,
1303 1746 1355 1827 66,
1369 1747 1410 1810 99
1430 1741 1488 1823 τὰς

188 1849 324 1929 διόδους
342 1848 399 1930 τὰς
418 1853 451 1930 ἐς
469 1849 527 1930 τὰς
545 1850 696 1939 κορυφὰς
713 1854 772 1935 τῆς
788 1849 951 1934 Μυκάλης
969 1852 1136 1936 φερούσας
1154 1848 1401 1937 προστάσσουσι
1419 1864 1488 1929 τοῖς

187 1964 383 2044 Μιλησίοισι
419 1957 603 2045 φυλάσσειν
637 1954 680 2038 ὡς
709 1959 952 2044 ἐπισταμένοισι
981 1962 1087 2044 δῆθεν
1116 1957 1256 2056 μάλιστα
1283 1955 1344 2044 τῆν
1367 1956 1489 2044 χώρην.
1581 2023 1583 2027 ,

187 2067 248 2131 Per
279 2069 472 2152 particulam
506 2069 613 2153 δῆθεν
646 2067 808 2152 significat
840 2069 978 2152 scriptor
1010 2090 1140 2133 causam
1169 2092 1188 2132 a
1216 2067 1323 2132 Persis
1356 2069 1489 2132 allatam

186 2174 294 2240 teram
318 2198 447 2241 causam
470 2197 537 2240 non
560 2176 667 2240 fuisse.
713 2173 777 2239 Otr.
798 2175 992 2239 sententiam
1012 2197 1094 2260 quac
1113 2176 1269 2258 sequitur:
1293 2175 1426 2240 ἐποίευν
1451 2172 1488 2240 δὲ

190 2278 311 2347 τούτου
335 2282 443 2347 εἵνεκα
466 2282 523 2346 ἵνα
547 2276 638 2358 ἐκτὸς
659 2288 720 2344 τοῦ
744 2279 970 2366 στρατοπέδου
994 2283 1081 2346 ἔωσι.

238 2399 241 2403 ’
277 2407 311 2490 b)
336 2409 369 2471 in
393 2407 541 2492 genetivo
566 2407 712 2471 absolute
736 2407 1171 2492 positum1‚81,124,126
1196 2401 1255 2491 (ὥς
1274 2395 1323 2470 οἶν
1346 2402 1490 2489 ἐχόντων
1521 2429 1524 2437 ’

189 2501 264 2596 οἶδε,
289 2514 432 2578 subiecto
457 2511 621 2600 omissoi),
644 2517 681 2578 ut
704 2514 800 2587 etiam
819 2512 876 2596 IV,
898 2513 974 2598 134,
997 2513 1088 2592 VIII,
1109 2510 1188 2598 144)
1206 2551 1242 2558 -
1260 2513 1318 2597 ΙΙΙ,
1339 2514 1381 2577 74
1404 2511 1490 2596 (par-

188 2620 288 2686 ticula
307 2621 414 2703 δῆθεν
434 2621 553 2705 addita,
572 2622 662 2685 cuius
681 2621 719 2684 de
739 2622 772 2685 vi
790 2620 862 2686 vide
882 2643 963 2704 quae
984 2643 1080 2704 supra
1100 2621 1139 2684 ad
1156 2620 1215 2704 III,
1232 2622 1294 2686 136
1315 2622 1364 2685 vel
1379 2619 1434 2699 IX,
1448 2621 1490 2684 99

189 2726 331 2813 scripsi);
355 2727 411 2810 IV,
433 2729 575 2812 11,102,
601 2729 676 2810 134,
701 2727 773 2807 VH,
795 2728 866 2811 143,
888 2727 959 2811 145,
978 2728 1052 2811 207,
1071 2728 1149 2812 224,
1173 2726 1263 2811 VIII,
1276 2729 1332 2812 69,
1347 2729 1398 2811 80,
1416 2728 1491 2809 144,

190 2834 244 2918 IX,
263 2837 293 2917 4,
313 2836 365 2913 29,
386 2834 459 2899 115.

277 2962 305 3024 2.
329 2960 462 3043 perfecti
486 2956 520 3046 a)
540 2958 579 3023 ad
599 2960 776 3024 sententiae
797 2960 968 3043 primariae
986 2981 1104 3024 nomen
1123 2959 1297 3042 pertinens.
1325 2959 1351 3045 I,
1369 2959 1421 3041 40,
1436 2959 1493 3040 82,

192 3062 246 3147 VI,
265 3066 307 3130 86
319 3090 353 3151 γ,
376 3066 467 3150 VIII,
485 3068 541 3150 40,
565 3065 620 3145 IX,
642 3069 681 3131 11
697 3063 857 3152 (εἰδότες),
877 3069 928 3132 37.
1406 3067 1410 3075 ’

278 3189 311 3268 b)
334 3191 368 3252 in
387 3192 539 3275 genetivo
559 3191 705 3255 absolute
725 3192 869 3276 positum
892 3191 918 3275 I,
939 3193 1014 3275 118,
1034 3190 1075 3272 ΙΙ,
1097 3192 1159 3256 133
1179 3191 1281 3255 ταῦτα
1303 3185 1492 3254 ἀκούσαντα

190 3291 248 3359 τὸν
265 3299 483 3382 Μυκερῖνον,
514 3292 558 3375 ὡς
585 3297 871 3383 κατακεκριμένων
901 3294 965 3381 ἤδη
996 3297 1030 3362 ολ
1050 3292 1195 3378 τούτων,
1223 3292 1328 3380 λύχνα
1356 3293 1492 3380 ποιησά-

93 3452 97 3460 .
191 3425 294 3486 μενον
317 3399 423 3468 πολλὰ
542 3408 662 3470 πίνειν.
711 3399 755 3482 ὡς
777 3406 808 3470 h.
827 3406 847 3469 I.
872 3405 1054 3490 significare
1078 3427 1111 3468 re
1135 3426 1211 3469 vera
1234 3405 1281 3468 ita
1303 3426 1370 3468 non
1392 3404 1492 3468 fuisse

191 3510 284 3575 docet
306 3509 421 3574 Heikel
446 3509 519 3599 (1.1.
539 3508 657 3598 p.80),
681 3512 752 3594 sed,
775 3515 868 3596 pute,
895 3512 1029 3596 iniuria,
1058 3534 1135 3575 nam
1159 3505 1203 3587 ὡς
1226 3510 1293 3595 hic,
1318 3515 1355 3576 ut
1378 3506 1493 3576 ceteris

192 3639 272 3701 quos
295 3618 329 3681 in
352 3618 414 3682 hoo
438 3619 543 3703 capite
566 3619 695 3703 profero
718 3619 808 3702 Iocis,
832 3618 913 3682 nihil
937 3619 1001 3683 nisi
1025 3619 1211 3704 opinionem
1232 3619 1314 3682 alius
1339 3640 1375 3683 ac
1395 3619 1493 3703 scrip·

191 3724 281 3808 toris,
304 3724 454 3789 hocloco
474 3723 638 3810 Mycerini,
661 3725 792 3807 indicat,
816 3747 914 3809 quam
934 3726 1119 3810 opinionem
1139 3730 1247 3790 utrum
1268 3726 1407 3808 scriptor
1425 3725 1493 3808 ipse

192 3851 300 3894 veram
324 3852 393 3894 esse
418 3834 510 3912 putet
528 3851 636 3916 necne,
659 3836 772 3897 auter
791 3834 942 3897 contextu
963 3834 1179 3919 colligendum
1199 3839 1249 3899 est
1269 3837 1325 3896 aut
1343 3830 1494 3916 cognosci

283 4098 309 4165 1)
328 4094 382 4150 cfr.
393 4095 507 4150 Kfihner
525 4101 611 4163 5488.
631 4095 745 4166 Madvig
759 4097 870 4162 61750.
891 4095 1027 4152 Goodwin
1045 4099 1064 4154 l.
1079 4099 1097 4153 I.
1113 4117 1139 4168 p.
1151 4103 1211 4166 219,
1230 4097 1303 4153 Note
1313 4103 1337 4152 4.
1358 4096 1493 4152 Matthiae

195 4191 285 4250 5568.
305 4184 448 4256 ThIersch,
468 4184 577 4241 Griech.
598 4185 719 4240 Gramm.
739 4191 763 4239 4.
779 4186 849 4240 Aufl.
870 4186 985 4257 Leipzig
1001 4192 1077 4242 1855.
1097 4192 1215 4256 §223,6
1234 4186 1314 4241 Anm.
1330 4191 1354 4240 3.
1374 4185 1494 4252 Curtius,

195 4274 395 4345 Schulgramm.
415 4280 504 4341 5588.

284 4367 311 4434 2)
331 4364 460 4420 Conferas
479 4364 594 4420 Kuhner
616 4384 643 4434 p.
659 4371 725 4432 649,
750 4367 779 4419 et
802 4365 947 4433 praeterea
969 4366 1054 4420 verba
1073 4364 1196 4420 Heikelii
1219 4363 1282 4434 (1.1.
1297 4383 1324 4434 p.
1340 4366 1384 4431 27)
1410 4364 1494 4418 haec:

196 4453 267 4508 ‘Hoc
286 4455 314 4524 (i.
330 4471 353 4509 e.
370 4454 554 4524 comparatio)
572 4453 692 4508 maxime
711 4453 743 4506 fit
761 4452 902 4522 particula
920 4450 966 4523 ὡς,
986 4455 1063 4510 cuius
1078 4456 1140 4524 ipsa
1154 4454 1287 4524 primaria
1301 4453 1343 4508 vis
1363 4456 1406 4509 est
1420 4471 1493 4508 com-

194 4543 336 4613 parativa,
355 4561 437 4612 quam
457 4561 566 4612 semper
585 4544 690 4610 servat,
715 4543 799 4598 etiam
819 4543 855 4611 si,
876 4545 948 4612 quod
968 4546 1077 4615 saepius
1097 4545 1136 4613 fit,
1155 4543 1326 4614 participiis,
1344 4544 1374 4598 in
1393 4542 1494 4612 quibus

194 4630 237 4688 vis
256 4633 329 4688 inest
347 4631 467 4688 causalis
486 4635 536 4688 aut
553 4631 653 4700 finalis,
672 4632 843 4702 apponitur!

284 4725 310 4791 3)
330 4721 385 4777 cfr.
404 4723 518 4778 Kiihner
536 4739 600 4793 pag.
616 4728 676 4791 641,
695 4724 774 4776 Anm.
790 4727 815 4777 2.
843 4722 966 4794 Madvig,
987 4731 1001 4791 ἓ
1019 4728 1076 4792 181,
1096 4723 1177 4778 Anm.
1193 4731 1244 4777 4ο.
