3360 5310
726 355 940 420 ,38-

272 511 349 595 VII,
371 514 431 578 96:
461 513 594 578 εἵποντο
628 511 664 578 di
697 508 740 591 ὡς
777 508 819 579 ori
856 513 1033 598 στρατηγοὶ
1069 510 1144 579 ἀλλ’
1180 511 1289 598 ὥσπερ
1323 519 1359 582 οί
1387 513 1481 583 ἄλλοι

187 617 442 705 στρατευόμενοι
471 621 604 702 δοῦλοι,
637 618 706 685 ἐπεὶ
738 617 916 704 στρατηγοὶ
940 673 947 685 .
969 672 977 687 .
1001 674 1008 685 .
1032 622 1180 703 εἰρέαταί
1207 648 1272 706 μοι.
1318 624 1484 689 Putabunt

186 726 326 793 fortasse
350 728 499 792 nonnulli
520 727 583 792 hoe
607 728 789 814 exemplum
817 729 935 792 iniuria
957 728 1009 793 hic
1032 730 1119 812 poni
1165 729 1248 796 Mihi
1275 736 1383 797 antem
1406 754 1480 796 oon-

183 839 322 918 textum,
344 835 533 920 praesertim
562 836 756 900 sententiam
785 835 960 920 causalem,
988 833 1057 900 ἐπεὶ
1085 834 1263 921 στρατηγοὶ
1283 889 1290 903 .
1310 890 1316 902 .
1336 838 1484 920 εἰρέαταί

185 966 241 1028 μοι
264 941 451 1027 inspicienti
472 941 536 1007 huc
553 942 715 1026 pertinere
735 941 868 1007 videtur.
910 941 1041 1029 Sensus,
1065 966 1137 1008 mea
1156 945 1327 1030 sententia,
1350 949 1400 1009 est
1418 946 1484 1010 hic:

186 1049 405 1134 sequebantur
440 1070 507 1113 non
542 1048 616 1114 loco
652 1049 884 1133 imperatorum
917 1047 1141 1134 (imperatores
1173 1073 1239 1116 non
1272 1049 1393 1138 erant),
1429 1053 1485 1116 sed

185 1155 298 1222 eodem
321 1154 417 1222 modo
441 1178 505 1241 quo
529 1155 644 1241 reliqui
667 1155 845 1221 militantes
868 1158 962 1221 servi.

279 1264 350 1328 117.
385 1259 492 1351 τοάτςο
521 1259 558 1328 di
586 1264 632 1348 τῷ
658 1258 831 1348 Ἀρταχαίῃ
859 1260 986 1328 θύουσι
1016 1258 1188 1329 Ἀκάνθιοι
1216 1265 1251 1330 ἐκ
1278 1269 1486 1347 θεοπροπίου

186 1366 232 1449 ὥς
254 1366 349 1456 ἥρωι.

277 1479 349 1544 141.
376 1476 601 1561 συνεβούλευέ
617 1494 698 1561 σφι.
715 1529 720 1540 .
737 1477 927 1561 ..χρᾶσθαι
945 1479 990 1566 τῷ
1010 1481 1198 1568 χρηστηρίῳ
1218 1473 1263 1555 ὡς
1281 1477 1398 1555 ίκέτας.

278 1587 350 1651 149.
377 1596 547 1671 προειπεῖν
574 1609 608 1650 τε
635 1596 722 1649 τοῖσι
750 1579 919 1667 ἀγγέλοισι
953 1580 1016 1669 πρὸ
1050 1583 1170 1663 τλάντος
1197 1580 1296 1669 ἡλίου
1323 1580 1487 1651 ἀπαλλάσ-

187 1698 306 1758 σεσθαι
330 1692 366 1757 ἐκ
388 1692 445 1774 τῆς
465 1687 624 1776 Ἀργείων
641 1687 765 1776 χώρης,
793 1692 825 1755 εί
846 1688 883 1756 di
906 1688 967 1776 μή,
991 1690 1209 1776 περιέψεσθαι
1233 1685 1277 1770 ὦς
1299 1697 1487 1778 πολεμίους.

277 1800 350 1864 181.
379 1793 458 1876 τοὺς
481 1794 518 1863 δὲ
540 1794 663 1874 ἄλλους
676 1849 684 1864 .
699 1847 706 1862 .
722 1849 728 1860 .
744 1846 751 1861 .
766 1809 937 1878 περιεῖπον
961 1792 1005 1874 ὡς
1028 1793 1234 1884 ἀνδράποδα.

276 1906 350 1970 209.
373 1894 562 1987 diductiori,
581 1902 654 1988 ἐμοὶ
668 1905 815 1989 χρᾶσθαι
834 1899 879 1982 ὡς
896 1899 996 1985 ἀνδρὶ
1014 1905 1151 1991 ψεύστῃ,
1170 1900 1214 1989 ἢν
1227 1902 1272 1990 μὴ
1288 1956 1384 1972 .....

275 2010 367 2093 VIII,
389 2012 441 2078 95.
473 2012 535 2077 τοῦ
549 2062 557 2076 .
572 2064 580 2080 .
594 2064 624 2077 ..
648 2008 863 2095 ἐπεμνήσθην
887 2007 931 2088 ὡς
954 2006 1078 2095 ἀνδρὸς
1102 2007 1248 2096 ἀρίστου.

277 2117 338 2202 IX,
363 2119 413 2182 76.
450 2115 560 2202 γύναι,
592 2115 718 2201 θάρσεε
750 2116 805 2183 καὶ
839 2112 883 2196 ὡς
912 2117 1010 2196 ίκίτις
1040 2118 1095 2183 καὶ
1127 2122 1158 2184 εί
1190 2116 1232 2205 δὴ
1265 2117 1348 2206 πρὸς
1380 2118 1488 2209 τούτῳ

187 2222 360 2310 τυγχάνεις
378 2219 507 2309 ἀληθέα
527 2224 680 2309 λέγουσα.
722 2226 793 2311 Hic,
813 2232 850 2290 ut
868 2225 926 2310 Vl,
944 2228 996 2311 30,
1014 2227 1048 2291 in
1067 2228 1271 2312 appositione
1291 2229 1489 2313 significatio

190 2335 275 2398 inest
298 2333 445 2398 causalis.

734 2458 945 2465 ——

732 2657 853 2750 Caput
879 2654 941 2727 IX.

693 2815 737 2878 ὡ(
760 2812 980 2894 Restringens.

278 2954 466 3023 Sententiae
493 2958 667 3042 primariae
695 2955 746 3018 vel
770 2955 867 3021 alicui
895 2955 964 3019 eius
993 2956 1077 3039 parti
1109 2956 1160 3019 vel
1187 2958 1259 3022 voci
1282 2957 1409 3022 additur
1432 2982 1491 3043 per

190 3059 235 3141 ιὸς
257 3065 379 3130 locutio
403 3087 484 3150 quae
508 3065 575 3128 eius
600 3063 769 3127 veritatem
793 3063 841 3127 ita
858 3062 1030 3147 restringit-
1053 3067 1085 3125 et
1108 3063 1344 3129 circumscribit
1367 3068 1404 3129 ut
1426 3089 1491 3151 qua

191 3193 341 3236 mensura
369 3173 413 3236 sit
442 3168 657 3253 aestimanda,
687 3169 856 3256 significet.
903 3168 974 3245 Quo
1003 3169 1097 3232 modo
1126 3169 1178 3232 hic
1207 3192 1285 3234 usus
1312 3175 1408 3236 uatus
1437 3174 1492 3252 sit,

189 3281 276 3343 recte
309 3277 479 3343 ostendere
512 3275 593 3340 mibi
627 3276 752 3340 videtur
782 3275 909 3340 Braune
941 3275 1049 3339 verbis
1082 3276 1120 3339 de
1153 3278 1330 3361 particulae
1363 3284 1399 3343 αί
1428 3302 1490 3344 usu

191 3385 289 3449 simili
313 3385 364 3449 his
374 3382 415 3472 ¹):
439 3383 606 3468 ‘quoniam
629 3386 666 3448 ut
689 3385 729 3448 ad
753 3381 1013 3447 convenientiam
1038 3381 1173 3447 duarum
1197 3405 1305 3448 rerum
1329 3385 1491 3450 declaran-

190 3490 265 3555 dam
289 3490 473 3573 adhibetur,
496 3490 578 3555 nihil
602 3491 713 3556 obstat
735 3489 908 3574 quominus
931 3509 982 3552 res
1006 3510 1064 3573 per
1087 3493 1339 3574 comparativam
1364 3498 1490 3558 senten-

190 3598 270 3681 tiam
299 3599 385 3663 elata
412 3621 471 3682 pro
501 3619 538 3662 eo
567 3596 696 3661 modulo
725 3597 826 3680 accipi
856 3594 973 3678 possit,
1001 3617 1064 3680 quo
1093 3597 1238 3662 adhibito
1267 3599 1306 3662 de
1330 3599 1491 3665 alterare

190 3706 248 3770 fiat
270 3704 444 3769 iudicium'.

280 3810 360 3876 Cum
379 3811 550 3895 participio
574 3812 779 3897 coniungitur
802 3805 846 3887 ὡς
865 3811 912 3875 sic
930 3814 1122 3895 usurpatum
1141 3812 1198 3897 IV,
1213 3815 1286 3898 142,
1307 3815 1406 3880 τοῦτο
1430 3813 1491 3899 μὲν

192 3915 236 3996 ὡς
263 3915 380 3994 ἐόντας
399 3913 519 3994 Ἴωνας
547 3917 760 4003 ἐλευθέρους,
789 3919 965 3994 κακίστους
992 3916 1104 3982 τεκαὶ
1132 3914 1401 4004 ἀνανδροτάτους
1424 3927 1491 4007 κρί-

190 4041 288 4092 νουσι
312 4019 398 4090 εἶναι
420 4020 577 4090 ἁπάντων
601 4021 803 4110 ἀνθρώπων,
823 4025 921 4090 τοῦτο
942 4021 978 4089 δὲ
994 4074 1000 4089 .
1016 4074 1023 4089 .
1038 4076 1045 4090 .
1060 4077 1067 4090 .
1082 4025 1173 4091 Stein
1195 4030 1361 4093 commode
1380 4033 1490 4098 vertit:

191 4133 263 4198 ‘Die
287 4132 383 4198 loner
406 4133 551 4197 insolern
575 4134 620 4197 sie
645 4134 722 4198 freie
744 4131 880 4197 Miinner
904 4130 1012 4196 seien'.

281 4239 471 4325 Plerumque
491 4241 612 4306 locutio
631 4242 833 4326 restringens
852 4241 900 4304 ita
918 4240 1057 4324 ponitur,
1081 4239 1129 4302 ‘ut
1146 4241 1310 4306 minuendi
1329 4245 1492 4328 quandam

191 4348 258 4412 vim
275 4348 403 4434 habeat,
426 4370 499 4413 cum
518 4347 638 4434 aliquid
657 4348 754 4414 alicui
773 4347 872 4412 tribui
891 4347 1090 4431 significetur
1111 4369 1169 4430 pro
1190 4370 1226 4412 ea
1246 4371 1403 4435 mensura,
1428 4376 1493 4438 qua

192 4454 226 4518 in
248 4454 308 4519 hac
331 4455 426 4520 illave
450 4457 556 4522 renti
580 4478 716 4540 aequum
741 4453 838 4542 sit'2).

283 4615 308 4682 1)
329 4613 358 4667 F.
374 4613 405 4669 Ε.
420 4614 539 4684 Brenno,
558 4614 600 4670 De
619 4613 758 4686 particula
775 4620 808 4668 ut
826 4611 946 4682 simplici
965 4615 994 4667 et
1013 4613 1152 4682 copulata.
1181 4614 1293 4670 Lundae
1309 4621 1384 4671 1866.
1407 4636 1433 4687 p.
1449 4623 1492 4672 44.

283 4705 310 4774 2)
328 4702 404 4759 Haec
424 4706 489 4757 sunt
507 4705 591 4760 verba
605 4703 742 4774 Madvigii
757 4703 791 4757 de
806 4701 890 4756 simili
910 4702 1066 4772 particulae
1085 4710 1117 4757 at
1135 4721 1186 4757 usu
1206 4705 1241 4758 ad
1256 4703 1311 4760 Cic.
1328 4706 1361 4760 de
1376 4706 1457 4764 lint.
1468 4713 1492 4763 1.
