3360 5310
725 313 943 385 ..ςς..

185 470 338 545 Fortasse
361 499 420 564 pro
445 467 489 556 ὥς
512 483 563 544 est
587 469 646 558 οός
669 477 849 566 legendum.
894 480 954 546 Vis
983 478 1097 547 similis
1126 478 1305 547 sententiae
1329 476 1481 570 relativae

185 587 270 651 inest
289 586 346 671 IX,
367 587 416 651 18.
450 582 593 671 ἐφάνητε
613 583 722 664 ἐόντες
741 581 877 671 ἀγαθοί,
898 584 959 653 οὐκ
978 583 1023 666 ἀς
1046 585 1109 672 ἐγω
1130 586 1381 674 ἐπυνθανόμην,
1400 591 1431 654 h.
1447 613 1484 674 ε,

186 687 227 758 οὐ
250 704 334 758 τοῖοι
358 692 414 777 (ef.
432 693 491 778 ΙΙΙ,
514 693 571 779 72)
595 694 687 773 οίους
710 691 775 777 ἐγω
799 692 1048 780 ἐπυνθανόμην.

276 799 476 886 Significatio
509 824 573 866 non
603 798 698 886 alia1)
728 806 777 867 est
805 803 984 867 sententiae
1018 803 1173 867 relativae
1201 802 1267 888 III,
1291 805 1363 868 140.
1408 797 1482 869 ἀλλ’

186 895 234 971 ὧν
257 912 312 990 ἴση
341 931 378 990 γε
401 902 421 992 ἡ
445 904 540 994 χάρις
568 903 691 993 ὁμοίως
719 903 764 984 ὡς
791 911 822 974 εί
847 909 914 973 νῦν
936 907 1040 974 κοθέν
1068 933 1099 973 τι
1130 907 1213 992 μέγα
1241 905 1392 994 λάβοιμι,
1421 910 1486 975 nisi

187 1014 271 1097 quod
295 1015 348 1079 hio
371 1017 532 1080 sententia
555 1017 690 1080 relativa
713 1017 854 1080 nominis
878 1016 917 1080 ad
942 1018 1025 1101 quod
1049 1020 1183 1102 spectat,
1206 1038 1271 1081 non
1294 1017 1485 1102 qualitatem

188 1120 243 1185 sed
266 1122 626 1205 quantitatemdefinit.
672 1118 795 1207 ὁμοίως
820 1125 904 1188 clare
928 1122 1081 1188 abundat.

274 1226 425 1295 Fortasse
448 1229 511 1294 hue
533 1229 647 1293 referri
670 1234 779 1313 potest
802 1231 892 1294 loeus
913 1231 967 1294 ubi
992 1231 1124 1294 verbum
1148 1231 1357 1315 comparandi
1381 1232 1485 1316 sequi·

185 1337 240 1398 tur
272 1337 434 1401 sententia
467 1336 507 1400 ab
538 1329 582 1412 ὡς
611 1337 642 1400 εί
668 1337 839 1420 ἱαοίρὶευε,
872 1359 952 1421 quae
984 1337 1160 1422 imaginem
1183 1322 1301 1402 'fictam
1335 1338 1486 1402 continet.

186 1440 262 1526 VII,
298 1444 368 1507 162.
414 1440 674 1528 στερισκομένην
707 1431 755 1508 οἷν
786 1439 848 1526 τὴν
876 1437 1019 1508 Ἐλλάδα
1050 1444 1108 1527 τῆς
1140 1441 1268 1508 ἑωυτοῦ
1302 1446 1488 1528 συμμαχίης

187 1551 291 1626 είκαζε
314 1543 358 1626 ὡς
381 1551 413 1614 εί
433 1545 471 1614 τὸ
496 1551 554 1629 ἐαρ
578 1549 613 1613 ἐκ
635 1550 697 1613 τοῦ
722 1549 877 1614 ἐνιαυτοῦ
901 1549 1160 1636 ἐξαραιρημένον
1184 1556 1244 1634 εἴη.

275 1659 303 1721 3.
338 1655 462 1720 Gradus
491 1657 629 1720 aetionis
658 1678 729 1721 oum
760 1657 861 1742 gradu
889 1656 1031 1722 eiusdem
1062 1657 1200 1723 aetionis
1229 1657 1269 1722 ad
1298 1658 1394 1722 aliam
1418 1679 1487 1723 rem

186 1764 236 1829 vel
270 1785 440 1847 personam
473 1767 570 1848 atque
602 1764 637 1826 in
670 1764 833 1827 sententia
864 1765 1019 1847 primaria
1051 1765 1187 1848 relatae,
1215 1763 1266 1828 vel
1299 1785 1371 1828 oum
1404 1765 1487 1830 alius

188 1870 324 1935 actionis
348 1870 449 1954 gradu
474 1873 689 1953 eomparatur.
731 1869 824 1935 Locis
843 1870 906 1934 huo
924 1869 1163 1954 pertinentibus
1188 1870 1336 1934 omnibus
1360 1871 1394 1934 in
1418 1893 1487 1935 sen·

88 1965 92 1973 ’
186 1977 289 2042 tentia
303 1977 459 2062 primaria
473 1976 611 2041 ooourrit
624 1973 720 2041 οὕτω.
762 1971 849 2042 οὕτω
865 2013 908 2023 -
924 1971 968 2054 ὡς
982 1977 1097 2042 Latine
1113 1977 1200 2041 valet
1214 1974 1295 2041 ‘tam
1312 2013 1348 2023 -
1367 1976 1488 2062 quam'.

276 2082 309 2170 a)
342 2083 468 2149 Gradus
492 2083 628 2148 duarum
652 2085 814 2149 actionum
840 2085 1055 2149 conferuntur.

275 2190 336 2274 VI,
359 2192 410 2256 61.
433 2189 507 2256 τότε
536 2188 572 2256 δὲ
607 2187 667 2256 τὸν
699 2191 891 2274 Κλεομένεα
1011 2189 1158 2274 διέβαλε,
1191 2184 1252 2254 οὐκ
1280 2189 1489 2274 Αἰγινητέων

188 2294 275 2364 οὕτω
300 2295 484 2382 κηδόμενος
512 2292 556 2374 ἀς
579 2294 701 2388 φθόνῳ
729 2296 784 2362 καί
808 2294 872 2384 ἀγη
896 2294 1091 2383 χρεόμενος.
1113 2334 1149 2344 -
1169 2297 1242 2363 108.
1269 2298 1372 2362 ταῦτα
1396 2315 1489 2363 συνε-

187 2401 395 2489 βούλευον
420 2400 461 2469 οὐ
479 2400 560 2470 κατά
580 2400 641 2489 τὴν
660 2400 798 2488 εὐνοίην
818 2401 904 2469 οὕτω
922 2405 991 2469 τῶν
1009 2402 1205 2469 Πλαταιέων
1224 2399 1269 2480 ὡς
1287 2402 1489 2488 βουλόμενοι

187 2508 266 2588 τοὺς
281 2510 482 2596 Ἀθηναίους
505 2513 592 2596 ἐχειν
614 2507 740 2589 πόνους
763 2512 988 2587 συνεστεῶτας
1012 2516 1199 2577 Βοιωτοῖσι.

278 2618 371 2704 VIII,
395 2620 446 2684 99.
493 2613 556 2683 οὐκ
588 2613 675 2684 οὕτω
709 2615 746 2683 δὲ
777 2604 852 2703 περὶ
884 2619 951 2683 τῶν
983 2619 1070 2683 νεων
1104 2613 1289 2703 ἀχθόμενοι
1321 2619 1423 2684 ταῦτα
1457 2620 1493 2684 οί

190 2725 319 2811 Πέρσαι
343 2726 475 2792 ἐποίευν
499 2718 543 2800 ὡς
566 2722 641 2810 περὶ
664 2720 753 2814 αὐτῷ
778 2723 881 2809 Ξέρξη
906 2725 1140 2809 δειμαίνοντες.

276 2829 312 2917 b)
346 2831 585 2916 Comparantur
613 2832 732 2917 gradus
756 2831 898 2896 eiusdem
923 2832 1062 2898 aetionis
1094 2835 1133 2898 ad
1163 2833 1242 2898 duas
1265 2832 1410 2897 diversas
1434 2855 1486 2897 res

190 2941 239 3005 vel
264 2961 420 3025 personas
444 2940 572 3004 relatae.

276 3046 340 3131 III,
366 3048 439 3113 120.
471 3046 507 3110 οί
531 3041 592 3130 μέν
621 3041 663 3130 δή
691 3068 749 3128 μιν
778 3042 860 3130 φασὶ
880 3091 975 3110 .....
995 3044 1200 3129 ἐπιθυμῆσαι
1224 3041 1285 3110 οὐκ
1314 3041 1400 3111 οὕτω
1428 3042 1491 3112 τόν

187 3158 324 3218 είπαντα
346 3153 449 3218 ταῦτα
471 3154 630 3217 τίσασθαι
653 3146 698 3228 ἀς
722 3148 939 3237 Πολυκράτεα
963 3148 1096 3230 πάντως
1117 3147 1286 3216 ἀπολέσαι.

278 3258 317 3343 V,
336 3262 388 3324 24.
416 3254 517 3325 οὐδέν
545 3283 606 3335 κω,
620 3254 701 3323 ἀλλο
729 3259 838 3343 χρῆμα
869 3254 956 3325 οὕτω
982 3259 1017 3324 έν
1040 3259 1154 3344 βραχέι
1178 3255 1355 3343 ἐπεζήτησα
1379 3254 1423 3335 ὡς
1453 3257 1493 3326 σὲ

189 3368 276 3432 ίδείν
297 3388 332 3432 τε
355 3366 410 3432 καὶ
434 3366 466 3444 ἐς
488 3363 609 3450 λόγους
631 3388 688 3449 μοι
711 3359 898 3430 ἀπικέσθαι.

210 3480 215 3487 “
278 3473 372 3559 VIII,
395 3475 446 3539 74.
485 3467 672 3559 ἀρρώδεον,
696 3467 757 3537 οάκ
781 3467 868 3538 οὕτω
892 3470 967 3554 περὶ
990 3476 1085 3557 σφίσι
1109 3468 1239 3538 αὐτοῖσι
1263 3473 1493 3557 δειμαίνοντες

190 3575 235 3658 ὡς
257 3579 332 3661 περὶ
354 3603 394 3666 τη
418 3579 675 3668 Πελοποννήσῳ.
977 3564 989 3583 ’

278 3688 335 3773 ΙΧ,
360 3690 431 3753 101.
462 3677 508 3773 ἦν
536 3686 573 3754 δὲ
596 3682 745 3775 ἀρρωδίη
775 3706 835 3772 σφι
864 3683 936 3753 οότι
964 3684 1038 3772 περὶ
1062 3684 1175 3771 σφέων
1199 3681 1311 3752 αὐτόν
1334 3682 1422 3751 οὕτω
1445 3681 1495 3764 ὥς

190 3797 257 3861 τῶν
277 3790 457 3879 Ἑλλήνων.

278 3902 341 3967 Hie
373 3925 459 3987 pono
487 3902 552 3988 III,
582 3904 634 3968 47.
681 3898 742 3968 οάκ
775 3899 862 3970 οὕτω
894 3902 1077 3986 τιμωρῆσαι
1112 3898 1299 3984 δεομένοισι
1331 3903 1494 3984 Σαμίοισι

191 4004 426 4096 ἐστρατεύοντο
457 4003 501 4085 ὡς
528 4012 685 4075 τίσασθαι
718 4004 919 4095 βουλόμενοι
951 4009 1013 4073 τοῦ
1044 4009 1208 4093 κρητῆρος
1238 4015 1296 4092 τῆς
1323 4003 1492 4094 ἁρπαγῆς,

192 4140 267 4182 nam
289 4121 369 4202 puto
393 4117 577 4200 τιμωρῆσαι
600 4118 723 4201 pariter
753 4139 790 4182 ao
818 4119 977 4181 τίσασθαι
1001 4138 1020 4178 a
1043 4112 1243 4198 βουλόμενοι
1271 4116 1417 4200 pendere.
1456 4113 1494 4180 si

191 4229 298 4290 autem
331 4226 364 4289 in
397 4223 558 4288 infinitivo
587 4224 772 4309 τιμωρῆσαι
806 4245 919 4288 sensus
951 4222 1059 4287 finalis
1089 4224 1187 4304 inest,
1216 4221 1278 4286 hoo
1308 4222 1495 4306 exemplum

191 4354 268 4398 sano
292 4331 372 4397 loeis
397 4331 456 4395 sub
482 4328 514 4414 a)
539 4331 646 4395 allatis
671 4330 947 4396 adnumerandum
971 4334 1047 4393 erat.

283 4544 308 4611 1)
328 4541 382 4596 err.
401 4541 515 4595 Kfihner
533 4560 559 4611 p.
576 4547 635 4609 995,
651 4549 676 4596 4.
