3360 5310
799 301 1013 370 ⁸18...

252 469 291 549 τῇ
317 461 356 528 δέ
376 481 436 529 σεο
459 458 601 548 μάλιστα
624 456 844 529 κατάπτονται
868 463 903 529 οἱ
926 464 1053 550 ἐχθροί,
1077 465 1229 547 λέγοντες
1252 454 1297 542 ὡς
1320 456 1419 542 αὐτὸς
1438 459 1456 529 δ
1472 456 1553 550 Ἀρί-

253 588 352 653 στων,
376 565 430 636 ὅτε
453 565 541 659 αὐτῷ
566 567 609 636 οὐ
628 566 795 654 ἠγγέλθης
813 570 1044 654 γεγενημένος,
1067 573 1202 636 πολλῶν
1220 567 1415 637 ἀκουόντων
1434 566 1475 636 οὐ
1492 570 1551 657 φή-

253 675 323 741 σειέ
343 695 379 742 σε
404 675 531 743 ἑωυτοῦ
555 673 640 742 εἶναι
664 673 738 760 (τὸν
757 674 882 761 χρόνον
905 674 980 762 γάρ,
1003 674 1083 754 τούς
1102 677 1180 742 δέκα
1199 679 1316 762 μῆνας,
1340 674 1467 744 οὐδέκω
1488 675 1554 763 ἐξή·

252 780 350 869 κειν),
370 786 499 870 αἰδρείῃ
518 785 585 849 τῶν
604 779 768 848 τοιούτων
787 795 896 860 κεῖνος
918 786 1017 849 τοῦτο
1037 780 1197 871 ἀπέρριψε
1216 781 1253 849 τὸ
1274 787 1365 864 ἔπος;
1390 808 1466 851 nam
1485 808 1557 850 curn

158 892 160 896 ⁴
254 891 351 956 verba
370 887 428 956 τὸν
448 887 572 977 χρόνον
591 888 666 976 γάρ,
690 886 768 968 τοὺς
788 889 867 954 δέκα
886 891 1004 974 μῆνας,
1024 887 1153 955 οὐδέπω
1176 887 1302 975 ἐξήκειν
1322 893 1469 957 Aristoni
1492 894 1559 957 sint

253 1000 467 1085 attribuenda,
489 1020 553 1063 non
576 1020 595 1061 a
618 997 782 1081 λέγοντες,
806 996 861 1061 sed
886 1020 905 1061 a
928 994 1044 1080 φήσειε
1069 997 1219 1080 pendent.
1628 995 1630 998 ’

344 1105 461 1186 Huius,
495 1105 522 1170 si
554 1105 632 1170 licet
664 1106 712 1169 ita
740 1104 857 1187 dicere,
889 1104 1081 1168 anacoluth'r
1107 1104 1338 1187 explicationes
1370 1106 1449 1170 duas
1482 1107 1556 1172 vidi.
1663 1095 1668 1109 ’

254 1208 382 1296 Sharpii
406 1218 457 1277 est
480 1212 592 1297 altera,
616 1233 697 1295 quae
721 1215 771 1274 est
793 1208 918 1294 haecl):
941 1208 1052 1293 „Hanc
1074 1212 1327 1276 inconstantiam
1349 1213 1459 1297 potius
1482 1214 1557 1277 inde

253 1323 358 1384 ortam
377 1322 465 1404 puto,
485 1318 569 1404 quo'd
588 1318 772 1384 Herodotus
793 1317 971 1382 sententias
991 1317 1182 1381 artificiosas
1201 1323 1234 1382 ct
1253 1318 1366 1403 longas
1386 1340 1424 1383 ex
1442 1342 1557 1386 norma

253 1425 294 1490 ad
317 1427 415 1490 finem
437 1427 612 1510 perducere
635 1423 898 1510 aspernabatur.“

342 1532 431 1610 Quae
460 1532 632 1617 explicatio
661 1554 758 1618 quam
786 1532 895 1614 inepta
919 1530 974 1608 sit,
1004 1532 1115 1595 statim
1139 1532 1325 1617 intellegas,
1351 1535 1378 1598 si
1401 1534 1489 1600 locos
1511 1571 1556 1580 -

252 1641 307 1726 qui
330 1640 517 1724 plerumque
541 1659 642 1723 neque
667 1638 834 1704 artificiosi
858 1660 960 1723 neque
983 1638 1074 1723 longi
1098 1645 1174 1703 sunt
1191 1624 1232 1685 ⁵-
1255 1641 1355 1705 oculis
1378 1663 1554 1726 percurras.

252 1746 397 1811 Alteram
421 1745 514 1809 offert
533 1741 680 1810 Oavallin
699 1763 730 1828 p.
750 1745 801 1809 27.
847 1743 958 1827 „Quod
982 1745 1027 1808 ita
1045 1745 1141 1827 fieri“‚
1164 1746 1278 1830 inquit,
1301 1769 1384 1831 „non
1403 1748 1556 1833 estquod

253 1854 415 1917 miremur.
460 1850 572 1936 Neque
601 1852 686 1915 enim
715 1852 865 1916 omnibus
891 1851 971 1915 locis
999 1853 1101 1935 repeti
1128 1856 1237 1937 potest
1265 1855 1424 1936 particula
1457 1855 1556 1939 expli·

254 1961 367 2043 cativa,
390 1958 455 2023 nisi
477 1995 521 2005 -
543 1959 576 2022 id
600 1957 685 2042 quod
708 1955 875 2023 molestius
899 1962 1043 2022 esset-
1064 1961 1203 2042 repetito
1228 1960 1335 2039 verbo,
1360 1963 1392 2024 et
1416 1961 1443 2024 si
1462 1961 1556 2024 omit·

252 2069 375 2132 teretur
402 2066 575 2152 particula,
609 2065 720 2129 multis
748 2066 828 2129 locis
858 2064 987 2129 difficile
1020 2071 1106 2130 esset
1133 2066 1241 2132 videre
1275 2067 1453 2133 orationem
1486 2090 1557 2132 esse

253 2173 447 2259 obliquam.“
491 2172 581 2238 Haec
608 2172 754 2257 quamvis
782 2194 901 2256 paucos
929 2172 962 2235 in
985 2172 1073 2237 locos
1101 2173 1213 2237 cadere
1237 2173 1418 2258 videantur,
1447 2178 1556 2239 tamen

253 2302 330 2345 vera
353 2303 416 2346 non
441 2284 516 2345 sunt
538 2279 696 2344 habenda.
742 2278 858 2345 Nonne
882 2280 967 2343 enim
991 2285 1066 2363 post
1087 2285 1215 2363 tempus
1234 2282 1444 2365 praeteritum
1464 2287 1555 2367 opta·

253 2387 353 2470 tivus,
378 2388 525 2471 quamvis
549 2387 710 2470 particula
733 2408 798 2450 non
822 2387 973 2470 repetita,
1002 2386 1123 2469 pariter
1146 2391 1242 2471 atque
1265 2387 1443 2453 infinitivus
1468 2410 1556 2453 mon·

253 2498 374 2559 straret
397 2496 576 2559 orationem
606 2515 676 2557 esse
699 2492 885 2577 obliquam?
914 2493 1086 2558 Praeterea
1113 2494 1192 2558 loeis
1221 2516 1287 2559 non
1316 2495 1440 2578 paucis,
1468 2501 1556 2581 post·

254 2623 351 2684 quarn
374 2601 478 2665 oratio
503 2600 633 2684 obliqua
652 2601 692 2664 ad
711 2599 808 2665 finem
827 2599 982 2684 perducta
1006 2605 1064 2684 est,
1086 2608 1189 2665 ταῦτα
1212 2598 1347 2684 λέγουσι
1366 2601 1415 2664 vel
1436 2602 1557 2687 aliquid

253 2708 358 2772 simile
382 2707 471 2772 addit
494 2707 691 2791 Herodotus,
721 2707 768 2771 sic
791 2708 876 2771 clare
900 2707 1044 2771 indicans
1076 2706 1132 2770 ubi
1162 2707 1200 2771 ad
1230 2707 1411 2772 orationem
1434 2713 1557 2773 rectam

253 2816 369 2880 redeat.
402 2813 509 2878 Velim
523 2814 677 2897 inspicias
691 2812 717 2896 I,
732 2813 766 2898 53
780 2812 823 2898 ΙΙ,
836 2813 889 2896 45,
907 2814 978 2897 123,
995 2814 1071 2893 1313
1086 2811 1144 2897 ΙΙΙ,
1159 2815 1215 2897 343
1229 2813 1285 2895 IV,
1302 2814 1467 2900 1373V11,
1484 2817 1557 2901 148,

256 2921 609 3009 165,167‚203,2203
642 2919 893 3005 V111‚61‚108‚
915 2922 990 3006 111;
1022 2919 1151 3004 1X,41.
1200 2919 1311 3005 Itaque
1344 2943 1448 3007 neque
1480 2923 1558 2987 buic

252 3048 356 3111 neque
388 3025 437 3090 illi
470 3026 678 3110 explicationi
711 3027 865 3092 adsentiri
898 3049 1037 3111 possum.
1092 3026 1145 3090 Me
1177 3049 1252 3091 vero
1285 3028 1319 3090 in
1351 3029 1398 3091 rei
1431 3028 1558 3092 ratione
1652 3008 1655 3013 ¹

254 3132 477 3219 cognoscenda
495 3170 533 3179 -
556 3134 620 3197 nisi
644 3133 783 3199 fortasse
807 3135 914 3198 estin
938 3134 1119 3198 imitatione
1144 3136 1300 3199 sermonis
1320 3134 1497 3219 cottidiani,
1520 3135 1555 3198 in
1656 3220 1657 3223 Ἴ

253 3262 317 3326 quo
340 3239 419 3304 talia
442 3241 649 3322 anacolutba,
679 3262 717 3304 ex
740 3240 945 3325 neglegentia
969 3245 1052 3324 orta,
1080 3241 1149 3304 sine
1177 3241 1274 3306 dubio
1303 3222 1368 3306 non
1391 3263 1464 3305 rara
1487 3240 1552 3304 fue

253 3352 394 3413 runt-
417 3369 482 3411 non
504 3346 604 3412 fuisse
630 3346 806 3412 feliciorem
829 3347 976 3412 confiteri
999 3347 1109 3412 debeo.
1156 3345 1217 3412 Sed
1246 3347 1553 3413 commemoratione

253 3460 361 3520 tamen
385 3454 519 3539 dignum
543 3456 592 3518 est
614 3455 711 3538 longe
735 3454 882 3538 plurimis
910 3454 1053 3525 locorum
1081 3455 1196 3539 quibus
1225 3456 1384 3520 transitus
1407 3455 1480 3537 fiat,
1506 3453 1554 3518 in·

253 3562 371 3627 finitivi
399 3582 468 3626 esse
496 3560 583 3624 aliud
612 3559 791 3625 subiectum
820 3583 856 3626 ac
884 3561 974 3626 verbi
1001 3561 1086 3626 finiti
1114 3583 1186 3625 curn
1215 3583 1252 3626 co
1281 3561 1432 3646 copulati.
1482 3559 1555 3626 Hoc

253 3669 426 3752 neminem,
459 3667 543 3752 quod
576 3667 690 3751 sciam,
722 3689 788 3733 non
819 3666 945 3732 fefellit.
990 3666 1169 3752 Utrumque
1197 3669 1329 3733 verbum
1362 3668 1446 3733 idem
1479 3668 1555 3732 sub-

253 3777 372 3842 iectum
408 3775 508 3839 habet
544 3774 595 3839 his
631 3778 758 3839 tantum
790 3774 884 3839 locis:
920 3773 945 3859 l,
963 3774 998 3857 53
1035 3773 1291 3859 111‚3‚34‚87;
1328 3775 1367 3860 V,
1387 3776 1443 3862 843
1480 3774 1553 3859 Vll,

256 3883 328 3970 165,
350 3884 421 3948 167.
1014 3913 1016 3918 ’

333 3989 392 4065 ¹De
415 3989 518 4054 modis
548 3992 645 4073 atque
673 3990 873 4073 temporibus
902 3989 1018 4074 quibus
1041 3988 1225 4054 Herodotus
1248 3991 1282 4053 in
1305 3990 1451 4054 oratione
1475 3989 1554 4054 obli-

254 4119 318 4182 qua
340 4100 414 4181 post
437 4090 481 4172 ὡς
505 4095 615 4180 utitur,
638 4095 718 4159 nihil
736 4096 849 4160 habeo
866 4095 951 4181 quod
975 4095 1089 4160 addam
1112 4097 1152 4160 iis
1176 4119 1257 4180 quac
1281 4094 1426 4162 Cavallin
1450 4095 1554 4161 lucide

255 4206 350 4288 atque
373 4205 522 4268 accurate
545 4201 732 4287 disputavit.

343 4307 404 4373 Sed
427 4316 464 4375 ut
487 4313 695 4392 conspectum
723 4332 799 4374 usus
828 4311 997 4376 modorum
1025 4313 1121 4393 atquc
1148 4312 1329 4392 temporum
1352 4309 1460 4373 bisin
1484 4329 1554 4372 sen·

253 4416 364 4480 tentiis
388 4416 472 4500 apud
496 4415 695 4481 Herodotum
719 4417 906 4502 habeamus,
929 4416 1074 4480 tabulam
1098 4414 1159 4479 feci
1183 4415 1278 4480 hanc:

346 4649 372 4717 1)
391 4649 422 4702 a.
444 4647 542 4717 Sbarp‚
561 4645 602 4702 De
621 4646 759 4702 infinitivo
778 4645 945 4700 Herodoteo.
983 4643 1095 4712 Lipsiae
1114 4649 1192 4698 1880.
1220 4661 1246 4713 p.
1262 4650 1305 4697 23.
