3360 5310
768 295 984 360 ..54-

224 450 268 533 ὡς
287 455 415 534 habent,
435 456 529 541 quod,
549 462 585 520 ut
598 455 775 520 Bredovius
795 455 914 540 dicio),
933 455 1074 520 laoobitz
1094 456 1135 520 ad
1153 455 1283 521 Luciuu.
1303 456 1416 520 Toxar.
1435 480 1463 539 p.
1481 456 1524 522 95

223 563 356 628 retineri
379 564 458 629 vult.
503 561 622 628 Videas
648 562 747 628 etiam
770 562 812 647 ll,
835 563 905 646 135,
929 585 992 646 quo
1020 564 1091 628 loeo
1120 563 1154 627 in
1178 563 1341 628 codicibus
1359 562 1394 627 'A
1415 564 1440 626 B
1460 560 1485 627 O
1504 564 1525 627 d

224 663 269 747 ὡς
288 668 488 753 Μυτιλήνην
512 670 638 756 legibur.
685 666 835 734 Ceterum
859 690 1016 753 nusquam
1040 669 1164 734 hebent
1184 664 1526 761 praepositi01u1udg

224 799 336 843 omues
359 777 435 841 libri
459 800 556 842 manu
580 777 705 861 scripti,
733 775 787 840 sed
813 797 871 859 pro
894 797 933 840 ee
956 775 1010 839 alii
1034 776 1114 841 alias
1138 776 1170 853 ἐς
1198 778 1361 861 praebent..
1408 777 1525 855 Quam·

224 884 335 950 obrem
360 883 535 950 Bredovius
559 886 679 949 ibidem
702 888 801 969 negat
825 905 894 948 esse
919 882 1137 949 Herodoteum
1162 878 1207 960 ὡς
1231 907 1288 968 pro
1313 883 1346 960 ἐς
1368 884 1418 949 vel
1443 881 1525 969 πρός

224 1013 388 1074 usurpare.
433 990 505 1076 Ego
532 995 639 1056 autem
663 992 772 1076 potius
795 991 961 1055 adsentior
983 988 1297 1076 Schweighaeusero‚
1322 992 1377 1077 qui
1401 992 1525 1056 cautius

224 1096 346 1183 dicito:
370 1092 426 1176 ‘uis
449 1122 491 1164 en
514 1098 711 1181 Herodotus,
738 1098 822 1162 siout
846 1098 946 1163 Attici
969 1099 1157 1183 scriptores,
1186 1099 1320 1163 subinde
1344 1100 1442 1163 etiam
1465 1121 1525 1182 pro

224 1204 256 1280 ἐς
280 1206 329 1269 vel
352 1201 434 1288 πρός
458 1206 629 1290 usurparit,
652 1205 794 1272 dubitari
818 1203 946 1289 potest'.

315 1440 339 1504 1)
359 1437 558 1503 Quaestionum
580 1436 641 1491 orit.
666 1437 700 1490 de
720 1435 842 1491 dialecto
861 1436 1020 1491 Herodobea
1039 1435 1105 1490 libri
1124 1437 1270 1505 quattuor,
1289 1454 1315 1505 p.
1331 1440 1372 1489 34.
1411 1433 1525 1488 Librum

226 1524 370 1580 Iacobitzii
387 1525 478 1595 ipsum
497 1542 553 1580 non
572 1524 638 1580 vidi.

314 1617 342 1683 2)
360 1614 479 1668 Lexicon
499 1614 600 1667 Herod.
621 1614 671 1669 sub
691 1610 728 1677 ὡς
747 1614 820 1671 Vlll.
