3360 5310
725 318 942 388 ..30-

187 473 286 567 3κως,
320 483 480 549 sententia
514 483 685 569 temporali
718 484 901 570 interiecta,
934 485 1033 549 iterat
1064 475 1107 560 ὦς
1135 480 1160 569 I,
1179 484 1243 549 209
1272 485 1362 549 ποίεε
1391 477 1487 568 ὅκως,

187 587 286 655 έκεὰν
311 587 374 674 ἐγώ
398 586 478 655 τάδε
501 588 809 677 καταστρεψάμενος
832 595 920 656 ἔλθω
945 591 1020 674 ἐκεῖ,
1045 585 1088 668 ὥς
1112 615 1168 676 μοι
1191 586 1404 674 καταστήσεις
1426 615 1486 655 τον
1523 632 1526 638 -

186 698 289 761 ιταῑὸα
313 696 346 773 ές
370 700 513 781 ἔλεγχον.
562 697 621 762 His
651 700 730 764 locis
757 699 896 763 futurum
922 699 1088 764 indicativi
1112 698 1283 762 iuvenitur.
1331 696 1487 762 Similiter

188 809 295 868 autem
328 809 501 887 usurpatur
533 806 754 870 coniunctivus
788 805 914 890 coristi,
947 807 987 869 ad
1021 800 1064 881 ὡς
1100 805 1258 888 particula
1290 799 1333 868 ἄν
1367 805 1487 890 addita,

189 909 307 993 111,85
326 911 461 993 μηχανῶ
481 905 525 985 ὡς
543 904 587 974 du
606 906 701 994 ἡμεῖς
720 913 850 995 σχῶμεν
869 913 968 976 τοῦτο
988 909 1025 976 τὸ
1049 911 1147 995 χέρας
1165 911 1223 986 καὶ,
1243 908 1287 995 μὴ
1312 907 1411 987 ἄλλος
1429 935 1487 987 τις.

730 1181 942 1191 *-

723 1413 843 1507 Caput
872 1415 948 1486 VII.
990 1458 993 1464 ·
1108 1391 1111 1396 .

668 1569 712 1634 ὼε
736 1570 1001 1653 comparativum.

275 1707 320 1788 ὡς
342 1698 595 1795 comparativum
625 1713 760 1777 dicimus
789 1708 831 1790 ὡς
861 1715 1034 1778 relativum
1063 1735 1125 1797 quo
1154 1715 1293 1778 alterum
1321 1736 1487 1798 compara·

187 1819 285 1882 tionis
315 1820 493 1883 membrum
521 1821 743 1884 introducitur.
791 1820 922 1903 Proprie
952 1820 1016 1884 alio
1046 1820 1177 1884 nomine
1201 1842 1238 1885 ac
1260 1821 1395 1885 relativo
1419 1842 1487 1885 non

186 1931 273 2010 eget,
307 1925 361 1989 sed
390 1926 480 1990 iuvat
508 1948 602 1990 suum
632 1925 745 2010 cuique
779 1925 880 1990 colori
908 1947 1027 1990 nomen
1054 1926 1164 1993 tribui.
1214 1926 1373 2010 Exempla
1405 1949 1487 2010 quae

98 2115 104 2129 „
185 2033 248 2096 hue
272 2032 438 2096 referenda
467 2038 556 2115 sunt,
587 2037 661 2116 apte
690 2032 730 2096 ad
754 2034 912 2097 rationem
936 2055 1031 2117 quam
1054 2054 1128 2097 cum
1152 2035 1310 2097 sententia
1332 2034 1488 2118 primaria

185 2139 316 2223 habent,
340 2141 373 2204 in
397 2144 464 2204 tres
487 2141 607 2204 classes
632 2139 800 2209 distribuo.
1206 2134 1208 2141 ’

277 2250 304 2312 1.
337 2245 398 2311 Per
431 2247 706 2330 comparationem
740 2249 853 2312 modus
885 2247 1064 2330 praedicati
1096 2251 1276 2313 sententiae
1311 2248 1486 2331 primariae

186 2355 351 2438 definitum
380 2356 430 2425 vel
459 2354 532 2417 aliis
561 2354 666 2417 verbis
696 2361 731 2418 ut
759 2355 876 2420 dicam:
909 2354 1075 2419 Sententia
1110 2357 1245 2420 relativa
1279 2357 1409 2419 modum
1438 2356 1486 2419 in-

156 2510 159 2516 .
186 2462 274 2525 dicat
300 2483 437 2546 quocum
470 2460 584 2525 modus
616 2461 792 2544 praedicati
822 2463 1000 2527 sententiae
1034 2463 1207 2546 primariae
1236 2462 1408 2527 convenire
1436 2463 1488 2526 vel

187 2568 376 2632 adfirmatur
400 2569 450 2632 vel
473 2572 620 2652 negatur.

276 2671 310 2761 a)
334 2654 496 2738 sententia
519 2673 658 2738 relativo
681 2673 809 2758 integra
832 2677 894 2737 est:

275 2781 299 2866 l,
314 2782 365 2846 29.
393 2776 607 2846 ἀπικνέονται
630 2775 726 2846 ἄλλοι
749 2804 784 2845 τε
808 2781 843 2844 ολ
863 2776 983 2857 πάντες
1003 2780 1037 2845 ἐκ
1060 2782 1118 2866 τῆς
1136 2776 1294 2860 Ἑλλάδος
1317 2785 1487 2867 σοφισταί,

188 2883 232 2964 ὡς
255 2886 390 2964 ἕκαστος
413 2883 524 2953 αὐτῶν
548 2883 736 2953 ἀπικνέοιτο
745 2885 778 2975 1).

277 2996 328 3060 95.
362 2989 406 3071 ὡς
437 2984 487 3059 οἶν
517 2995 675 3078 Περσέων
704 2993 905 3080 μετεξέτεροι
929 2994 1079 3078 λέγουσι,
1111 2993 1192 3060 κατὰ
1225 2998 1327 3061 ταῦτα
1360 2993 1487 3081 γράψω.

187 3101 238 3164 Ex
265 3101 345 3167 locis
374 3103 428 3166 ubi
457 3101 619 3167 sententia
645 3103 780 3166 relativa
807 3103 936 3187 integra
964 3107 1026 3181 est,
1054 3103 1115 3167 hoc
1143 3111 1270 3167 tantum
1299 3109 1332 3167 et
1354 3102 1487 3188 V11,14

187 3210 346 3273 sententia
370 3210 505 3273 relativa
528 3209 717 3293 primariam
739 3210 935 3274 sententiam
953 3210 1125 3294 praecedit,
1149 3217 1181 3275 et
1200 3216 1335 3295 utroque
1359 3212 1429 3276 loco
1454 3214 1486 3275 in

187 3318 347 3381 sententia
384 3316 538 3400 primaria
575 3315 863 3381 demonstrativum
904 3317 1040 3381 relativo
1077 3318 1274 3402 respondens
1314 3319 1487 3384 invenitur.

186 3423 285 3488 Nullo
315 3424 379 3488 alio
408 3446 504 3508 quem
533 3424 592 3486 sub
623 3424 639 3486 1
672 3444 755 3506 pono
785 3425 854 3487 loco
883 3424 946 3487 nisi
977 3422 1091 3506 11,30;
1119 3422 1177 3508 IV,
1195 3425 1268 3507 1393
1297 3424 1388 3510 VIII,
1403 3422 1488 3513 68α)

187 3531 478 3595 demonstrativum
500 3531 535 3594 in
554 3529 722 3593 sententia
744 3530 899 3612 primaria
922 3531 1055 3614 reperio.

278 3638 349 3702 140.
377 3636 431 3702 καὶ
460 3633 545 3721 ἀμφὶ
579 3633 640 3720 μέν
667 3637 712 3722 τῷ
740 3632 834 3725 νόμῳ
861 3633 969 3726 τούτῳ
999 3636 1096 3720 ἐχέτω
1126 3631 1170 3714 ὡς
1197 3636 1251 3701 καὶ
1281 3633 1386 3722 ἀρχὴν
1415 3637 1488 3702 ένο-

185 3748 300 3829 μίσθνχ.

276 3851 383 3934 11‚28.
411 3852 514 3916 ταῦτα
537 3849 597 3933 μέν
620 3874 684 3914 νυν
709 3852 791 3914 ἔστω
815 3845 859 3926 ὡς
884 3853 951 3914 ἔστι
974 3875 1008 3915 τε
1031 3848 1084 3915 καλ
1110 3846 1152 3927 ὡς
1176 3846 1281 3935 ἀρχὴν
1305 3851 1442 3934 ἐγένετο.

276 3959 328 4024 30.
358 3959 404 4021 ε”τι
429 3954 465 4020 δέ
489 3952 537 4020 ἐπ’
564 3957 641 4040 έμεῦ
665 3955 720 4020 καὶ
740 3956 899 4040 Περσέων
917 3954 999 4022 κατὰ
1021 3951 1124 4023 ταύτὰ
1147 3957 1184 4021 αἱ
1205 3955 1350 4041 φυλακαὶ
1375 3961 1489 4042 έχουσι

188 4058 232 4140 ὡς
255 4062 308 4127 καὶ
333 4060 386 4128 ἐπὶ
414 4067 635 4147 Ψαμμητίχου
658 4052 753 4147 ἦσαν.
1083 4145 1089 4152 .

276 4170 327 4234 36.
349 4165 389 4234 τὰ
413 4170 526 4233 αἰδοῖα
549 4157 650 4233 ὧλλοι
673 4166 734 4252 μὲν
759 4169 837 4234 ἐῶσι
862 4166 907 4247 ὡς
929 4153 1116 4254 ἐγένοντο.Ι

228 4360 232 4365 ¹
278 4277 347 4343 138.
376 4277 436 4340 τοῦ
466 4272 496 4340 d'
524 4275 599 4361 ίροί
629 4272 669 4340 οὐ
696 4277 915 4361 κεκινημένον
943 4274 987 4356 ὡς
1015 4273 1165 4362 ἀρχῆθεν
1194 4276 1347 4364 ἐποιήθη.
1393 4279 1489 4346 Stein

187 4389 292 4449 notat:
319 4386 387 4468 „als
415 4384 531 4448 stende
559 4388 640 4448 statt
668 4384 723 4449 des
751 4385 924 4470 negativen
956 4380 996 4450 οὐ
1024 4376 1241 4470 κεκινημένον
1265 4387 1321 4452 das
1344 4389 1488 4472 positive

186 4488 268 4556 κατὰ
291 4487 403 4577 χώρην
428 4489 584 4568 ἑστεῶτος
606 4487 646 4579 (I,
664 4487 749 4577 17)“.

280 4672 304 4736 1)
325 4669 365 4721 Dc
385 4667 512 4737 optativo
532 4669 595 4723 vido
615 4667 736 4737 Kfihner,
756 4686 782 4737 p.
799 4674 857 4724 992.
887 4668 937 4724 cfr.
957 4668 1040 4724 etiam
1062 4668 1139 4724 Stein
1159 4669 1192 4724 ud
1213 4669 1313 4725 locum.
