3360 5310
671 291 887 357 ..31..

219 448 280 541 III,
294 457 345 522 12.
374 448 480 521 ἐκέετο
504 449 543 518 τὰ
568 447 664 520 ὀστέα
688 448 732 530 ὡς
755 453 922 538 ἐχωρίσθη
946 447 1016 518 κατ’
1042 444 1152 538 ἀρχάς.
1218 440 1223 451 ’

224 565 295 629 109.
320 565 351 627 εί
373 562 523 646 ἐγίνοντο
547 556 591 639 ὡς
614 556 634 645 ῆ
659 558 760 646 φύσις
784 558 915 626 αὐτοῖσι
938 556 1088 644 ὑπάρχει.

223 669 283 755 IV,
295 669 346 734 32.
376 672 489 752 ἔλεγον
513 663 577 752 γὰρ
601 660 644 731 ἀν
668 666 722 731 καὶ
742 663 889 748 Σκύθαι,
914 661 959 744 ὡς
977 664 1051 751 περὶ
1069 668 1137 731 τῶν
1156 665 1430 752 μουνοφθάλμων

24 790 25 794 ’
136 777 279 860 λέγουσι.

224 874 296 951 134.
325 878 546 960 ἐκκαύσαντος
568 878 608 946 τὰ
630 878 720 967 πυρὰ
745 876 788 958 ὡς
812 879 966 965 ἐώθαμεν
989 880 1044 946 καὶ
1068 878 1185 946 ἀλλοτε
1209 881 1342 948 ποιέειν,

217 991 278 1076 VI,
297 993 349 1057 42.
378 994 413 1055 οἳ
433 1040 550 1055 .....
581 988 784 1054 διατελέουσι
813 992 959 1072 ἔχοντες
966 1037 1082 1054 .....
1111 983 1154 1065 ὡς
1183 989 1372 1073 ἐτάχθησαν
1402 989 1434 1068 ἐξ

134 1095 382 1184 Ἀρταφρένεος.

227 1208 299 1272 111.
329 1204 515 1284 ἐξεδέκοντο
539 1198 584 1282 ὡς
608 1200 813 1287 ἀριθμέοντο
838 1203 875 1266 αί
895 1201 998 1286 φυλαὶ
1023 1199 1176 1287 ἐχόμεναι
1200 1199 1379 1286 ἀλληλέων.

224 1313 363 1398 V11,14.
392 1306 438 1388 ὡς
460 1309 515 1376 καὶ
539 1309 638 1395 μέγας
661 1308 714 1374 καὶ
738 1305 860 1386 πολλός
879 1309 990 1392 ἐγένεο
1015 1308 1051 1375 ἐν
1076 1305 1177 1398 όλίγω
1201 1306 1323 1399 χρόνω,
1348 1304 1435 1374 οὕτω

136 1420 191 1485 καὶ
214 1415 368 1496 ταπεινός
391 1414 497 1484 ὀπίσω
520 1413 601 1483 κατά
624 1414 722 1502 τάχος
747 1419 843 1484 έσεαι.

59 1503 64 1520 ,
229 1525 317 1611 VIII,
332 1529 383 1593 21.
412 1525 599 1609 ἐκομίζοντο
625 1520 662 1588 δέ
686 1519 731 1601 ἀς
755 1524 886 1590 ἕκαστοι
910 1523 1111 1609 ἐτοίχθησαν.

226 1635 277 1699 67.
293 1631 358 1704 ,καὶ
381 1633 490 1711 ἵζοντο
515 1627 559 1708 ὥς
583 1653 642 1715 σφι
666 1626 820 1715 βασιλεὺς
845 1628 968 1720 έκάστω
993 1626 1091 1716 τιμῆν
1116 1628 1281 1695 ἐδεδώκεε.

228 1737 311 1807 107.
329 1735 459 1823 ἀπῆγον
485 1789 579 1804 .....
604 1734 648 1814 ὡς
670 1735 784 1823 τάχεος
809 1733 874 1823 εἶχε
898 1737 1040 1814 ἕκαστος.
1402 1806 1405 1813 ,

224 1847 282 1931 ΙΧ,
296 1847 348 1912 49.
371 1858 456 1911 τοῖσι
481 1843 518 1910 δέ
542 1842 672 1911 ἀλλοισι
687 1842 824 1929 Ἕλλησι
848 1842 868 1930 ῆ
888 1843 949 1928 μὲν
967 1841 1072 1929 κρῆνη
1091 1841 1205 1927 πρόσω
1230 1843 1367 1928 ἐγίνετο,
1392 1839 1437 1920 ἀς

138 1955 268 2021 ἕκαστοι
291 1957 409 2038 ἔτυχον
433 1955 634 2036 τεταγμένοι.

226 2061 278 2125 59.
302 2058 357 2124 καὶ
380 2061 520 2125 ἐδίωκον
543 2056 587 2137 ἀς
610 2062 724 2125 ποδῶν
749 2060 878 2126 ἕκαστον
903 2056 1001 2145 εἶχον.

227 2167 299 2231 Huc
327 2168 468 2251 pertinet
496 2161 540 2243 ως
568 2190 640 2232 cum
670 2169 768 2232 verbo
793 2171 869 2252 ε”χωι
892 2167 917 2250 Ι,
933 2169 983 2250 24,
1007 2168 1059 2249 61,
1086 2168 1156 2248 114,
1182 2167 1258 2249 123,
1282 2165 1436 2247 111155,

140 2275 179 2360 V,
193 2276 249 2360 643
274 2273 400 2358 7Ι,17;
423 2272 513 2356 VIII,
529 2274 581 2357 62,
605 2275 721 2358 quibus
742 2277 891 2340 omnibus
910 2275 998 2354 loeis,
1022 2279 1155 2357 excepto
1178 2279 1304 2338 tantum
1325 2272 1350 2356 I,
1367 2274 1439 2354 123,

140 2382 241 2463 valet,
270 2379 299 2445 ‘e
327 2379 485 2466 vestigio’.
538 2381 625 2444 Haec
659 2383 852 2466 significatio
886 2386 1022 2466 augetur
1052 2381 1161 2445 addito
1191 2376 1295 2457 εὐθύς
1324 2379 1362 2464 V,
1382 2383 1438 2462 643

141 2487 240 2564 ἰθέως
272 2486 332 2571 VI,
356 2488 405 2551 17.
464 2486 619 2552 Oonferas
653 2510 733 2571 quae
767 2486 900 2553 Classen
934 2487 971 2552 de
1005 2482 1115 2570 ὥσπερ
1150 2482 1237 2571 εἶχεν
1271 2492 1365 2552 notat
1398 2489 1438 2551 ad

143 2593 240 2659 Thuc.
261 2594 288 2680 I,
305 2596 376 2679 134,
390 2597 420 2660 3.

231 2700 291 2766 Hic
318 2702 386 2765 iure
409 2723 495 2784 pono
520 2699 576 2784 IV,
591 2701 631 2764 99
660 2699 716 2766 καὶ
739 2698 1075 2786 παραπλῆσιαταότη
1099 2699 1153 2766 καὶ
1179 2702 1213 2766 οἱ
1239 2704 1363 2787 Ταῦροι
1387 2701 1438 2765 νέ-

143 2831 259 2890 μονται
286 2810 343 2893 τῆς
367 2810 553 2891 Σκυθικῆς,
584 2803 627 2885 ὡς
655 2811 685 2872 ει’
712 2810 769 2892 τῆς
790 2805 935 2891 Ἀττικῆς
964 2805 1045 2872 ἀλλο
1075 2809 1175 2885 έθυος
1198 2807 1252 2873 καὶ
1276 2809 1321 2892 μῆ
1342 2802 1440 2891 Ἀθη-

141 2927 230 2980 ναῖοι
262 2919 416 2999 νεμοίατο
450 2912 509 2981 τὸν
543 2912 669 2998 γουνὸν
700 2912 760 2981 τὸν
795 2911 987 2980 Σουνιακόν
1021 2965 1216 2982 ........
1246 2910 1290 2991 ὡς
1321 2918 1352 2980 εί
1382 2923 1441 2998 τῆς

139 3017 304 3106 Ἰηπυγίης
328 3019 408 3086 ἀλλο
433 3025 534 3098 ἐθυος
556 3020 611 3086 καὶ
634 3021 678 3105 μῆ
703 3019 851 3105 Ἰήπυγες
870 3018 1049 3107 ἀρξόμενοι
1073 3021 1108 3086 ἐκ
1127 3026 1328 3105 Βρεντεσίου
1351 3021 1440 3104 λιμέ-

142 3151 198 3205 νος
226 3114 449 3211 ἀποταμοίατο
477 3128 572 3213 μέχρι
600 3128 768 3213 Τάραντος
795 3127 850 3193 καί
880 3132 1035 3213 νεμοίατο
1063 3125 1123 3211 τῆν
1151 3123 1273 3214 ἀκρην;
1302 3131 1329 3193 si
1354 3130 1440 3193 enim

142 3259 199 3319 pro
224 3238 255 3300 εί
277 3239 430 3320 νεμοίατο
454 3238 616 3321 legeretur
639 3235 809 3320 νέμονται,
833 3241 919 3301 esset
942 3236 1004 3301 hoc
1028 3238 1133 3300 solum
1153 3236 1331 3320 discrimen,
1355 3235 1441 3320 quod

142 3364 248 3407 sermo
274 3364 350 3426 non,
374 3348 410 3405 ut
433 3365 526 3424 nunc,
552 3344 589 3405 de
613 3366 647 3407 re
671 3344 746 3407 ficta
771 3344 825 3407 sed
846 3344 883 3407 de
903 3367 936 3408 re
955 3344 987 3407 in
1008 3344 1093 3407 facto
1111 3343 1220 3426 posita
1243 3348 1336 3407 esset.
1369 3341 1441 3406 Hoc

141 3451 212 3515 loco
236 3450 477 3532 perspicuitatis
502 3451 607 3533 gratia
631 3451 807 3514 similitudo
830 3454 1011 3534 usurpatur.
1058 3450 1133 3530 Alia
1152 3449 1293 3548 eiusdem
1318 3444 1440 3534 figurae

142 3558 287 3640 exempla
311 3561 386 3621 sunt
408 3556 434 3638 Ι,
451 3558 522 3634 155,
549 3557 625 3640 191,
650 3556 783 3641 11123,
806 3556 877 3636 VII,
894 3558 966 3623 162.

230 3660 267 3750 b)
291 3661 461 3729 Sententia
484 3665 620 3728 relativa
644 3667 775 3729 verbum
799 3666 913 3748 habet,
942 3664 981 3729 ad
1010 3665 1094 3748 quod
1124 3688 1160 3727 ex
1178 3664 1354 3757 ,sententia
1378 3663 1440 3744 pri-

145 3771 247 3834 maria
265 3771 461 3854 cogitatione
481 3771 678 3854 supplendus
703 3772 745 3834 sit
768 3772 960 3835 infinitivus:

232 3875 257 3960 I,
274 3878 313 3942 16
337 3871 401 3942 ἀπό
425 3877 485 3960 μέν
509 3901 573 3940 νυν
595 3874 724 3942 τούτων
748 3873 808 3942 οὐκ
831 3875 876 3953 ὡς
899 3874 999 3961 ἤθελε
1023 3874 1193 3962 ἀπήλλαξε.

232 3981 258 4065 Ι,
273 3982 325 4047 30.
352 3979 564 4066 θεησάμενον
590 3983 629 4049 δέ
649 4008 707 4068 μιν
729 3980 770 4047 τά
793 3981 901 4048 πάντα
924 3983 979 4049 καὶ
1003 3981 1212 4068 σκεψόμενον
1236 3979 1280 4060 ὥς
1304 3984 1338 4046 οί
1359 3979 1441 4046 κατὰ

143 4084 262 4173 καιρὸν
286 4078 336 4173 ῆν.

230 4197 283 4262 45.
312 4201 458 4282 Κροῖσος
481 4195 543 4280 μέν
565 4221 629 4261 νυν
652 4200 777 4282 ἔθαψε,
791 4192 835 4275 ὡς
859 4194 949 4275 οίκὸς
972 4188 1024 4281 ῆν,
1046 4195 1105 4262 τὸυ
1129 4196 1254 4263 ἑωυτοῦ
1278 4199 1389 4262 παῖδα.

234 4305 285 4368 79.
313 4299 557 4386 βουλευόμενος
581 4298 712 4389 εὕρισκε
734 4300 867 4389 πρῆγμά
893 4306 928 4368 οἱ
948 4300 1033 4369 εἶναι
1058 4304 1211 4369 ἐλαύνειν
1234 4300 1278 4380 ὡς
1302 4301 1441 4368 δυ’ναιτο

145 4407 278 4494 τάχιστα
302 4409 353 4474 ἐπὶ
377 4406 434 4485 τάς
458 4405 592 4493 Σάρδις.

235 4519 285 4582 79.
310 4518 344 4583 οί
355 4511 444 4601 παρὰ
459 4512 561 4595 δόξαν
580 4518 653 4601 ἐσχε
671 4514 711 4582 τὰ
729 4513 904 4604 πρῆγματα
922 4512 943 4603 ῆ
964 4514 1007 4595 ὡς
1027 4513 1126 4595 αὐτὸς
1143 4517 1324 4583 κατεδόκεε.
1366 4517 1442 4583 Sen-

143 4624 249 4688 tentia
273 4624 410 4691 relativa
434 4623 595 4688 abundare
620 4625 754 4690 videtur.
800 4625 944 4690 Eandem
963 4627 1237 4692 constructionem
1260 4626 1441 4690 invenimus
