3360 5310
707 339 902 402 ..9-

246 498 367 582 VI,16.
397 499 545 564 ἐνθαῦτα
570 494 611 582 δὴ
637 499 671 562 ot
690 495 836 583 Ἐφέσιοι
860 496 937 565 οὔτε
959 498 1202 586 προακηκοότες
1226 495 1269 576 ὡς
1292 495 1357 584 εἶχε
1380 497 1454 581 περὶ

139 600 224 669 ’τῶν
248 609 350 687 Χίων,
375 603 503 682 ἰδόντες
526 630 560 670 τε
683 604 890 690 ἐξεβοήθεον.

243 715 294 778 39.
322 709 382 778 τὸν
407 712 469 796 ἐγὼ
493 713 529 778 έν
553 708 643 800 ἄλλην
668 709 756 800 λόγῳ
781 714 934 797 σημανέω
959 710 1003 791 ὡς
1026 714 1165 798 ἐγένετο.

246 822 317 885 100.
345 815 467 904 μαθὼν
491 817 527 885 dt
549 815 679 885 τούτων
703 817 838 904 ἐκοίτερα
864 816 908 898 ὡς
932 817 1006 905 εἶχε.

243 927 317 1011 VII,
335 929 384 994 18.
412 927 620 1013 μεμνημένος
639 925 701 1011 μὲν
723 925 783 993 τὸν
803 927 855 993 ἐπὶ
879 929 1102 1011 Μασσαγέτας
1124 925 1245 1013 Κόρου
1268 926 1389 994 στόλον
1413 922 1457 1004 ὡς

156 1033 282 1117 ἔπραξε·
1402 1045 1406 1053 ’

245 1143 316 1207 104.
343 1144 450 1207 καίτοι
480 1136 523 1219 ὡς
551 1137 614 1225 ἐγὼ
642 1138 796 1226 τυγχάνω
824 1136 864 1206 τὰ
892 1143 957 1205 νῦν
986 1139 1099 1229 τοίόεῙ)
1124 1136 1286 1225 ἐστοργὼς
1309 1141 1457 1218 ἐκείνους

154 1242 255 1323 αὐτὸς
281 1244 423 1332 μάλιστα
453 1249 640 1328 ἐξεπίστεαι.
692 1248 726 1314 Si
759 1271 831 1314 cum
861 1247 984 1314 Steinio
1019 1255 1094 1332 post
1128 1248 1275 1325 ἐκείνους
1303 1249 1457 1313 excidisse

158 1350 195 1418 dt
214 1354 340 1438 μεσέων
360 1357 410 1420 vel
435 1351 650 1437 ἀποστυγέων
671 1356 854 1420 consentias
871 1393 909 1402 —
928 1355 1012 1440 quod
1033 1377 1093 1437 ego
1113 1354 1239 1440 quidem
1266 1377 1323 1439 pro
1348 1378 1456 1440 super—

155 1484 297 1527 vacaneo
321 1463 426 1528 habeo
450 1501 486 1508 —
509 1457 552 1539 ὡς
576 1463 689 1527 eodem
709 1470 803 1528 sensu
828 1486 889 1548 quo
914 1458 965 1528 ὅτι
987 1467 1062 1547 post
1087 1464 1183 1527 verba
1208 1461 1367 1527 sentiendi
1387 1463 1456 1525 iure

159 1569 306 1652 accipias.
353 1563 514 1634 Fortasse
529 1569 662 1654 dignum
686 1576 736 1634 est
756 1571 841 1653 quod
861 1573 1129 1636 commemoretur
1149 1565 1314 1652 ἐστοργτός
1336 1570 1458 1633 ironice

157 1677 315 1759 usurpari.

246 1783 338 1866 VIII,
363 1786 393 1849 2.
425 1789 552 1868 είρηται
580 1782 620 1848 δέ
645 1808 700 1866 μοι
731 1782 785 1848 καὶ
815 1778 860 1861 ὡς
886 1780 923 1848 τὸ
953 1785 1082 1868 πλῆθος
1112 1783 1242 1848 ἕκαστον
1272 1791 1340 1848 τῶν
1372 1786 1458 1847 νεῶν

119 1961 120 1964 ¹
158 1893 364 1973 παρείχοντο.
414 1890 476 1956 Pro
510 1885 555 1967 ὡς
591 1891 675 1974 quod
716 1892 840 1956 codices
878 1892 1049 1976 praebent,
1087 1897 1119 1955 et
1154 1891 1271 1975 Baehr,
1311 1891 1460 1974 Dindorf,

157 1996 313 2081 Krueger,
338 1997 480 2076 Dietsch‚
505 1996 597 2062 Stein
619 1996 831 2076 retinuerunt,
857 1997 913 2061 alii
936 1998 997 2062 viri
1021 1998 1108 2063 docti
1132 1999 1333 2063 coniecturas
1353 1999 1459 2062 varias

158 2108 404 2189 proposuerunt.
434 2105 488 2169 cfr.
513 2103 629 2170 Steinii
652 2105 825 2170 editionem
850 2105 994 2170 ortticam
1019 2107 1069 2170 vel
1095 2105 1279 2169 Baehrium.

245 2212 296 2276 56.
321 2206 365 2288 όίς
385 2228 445 2296 σφι
465 2210 647 2295 ἐξηγγέλθη
672 2206 718 2289 ὡς
737 2215 810 2297 ἔσχε
828 2209 867 2276 τὰ
887 2211 963 2294 περὶ
981 2208 1042 2296 τὴν
1058 2208 1248 2294 Ἀθηναίων
1268 2206 1462 2294 ἀκρόπολιν,

158 2319 190 2395 ἐς
212 2320 375 2384 τοσοῦτον
399 2313 553 2402 θόρυβον
576 2313 744 2385 νἰπίκοντο.

220 2409 222 2414 ⁵
247 2428 298 2490 80.
321 2421 405 2489 νίίίοί
428 2442 488 2508 σφι
512 2426 663 2510 σήμηνον
687 2421 787 2502 αὐτὸς
810 2422 989 2511 παρελθὼν
1013 2420 1057 2502 ὡς
1081 2428 1154 2509 ἔχει.

248 2535 297 2598 87.
321 2528 403 2596 κατὰ
427 2529 488 2616 μέν
513 2533 554 2616 δὴ
578 2528 657 2609 τοὺς
680 2527 802 2609 ἄλλους
826 2528 888 2598 οὐκ
913 2536 974 2618 ἔχω
998 2532 1225 2618 μετεξετέρους
1244 2534 1348 2598 είπείν
1369 2529 1461 2617 ἄτρε-

158 2639 239 2716 κέως
263 2633 306 2716 ὡς
330 2639 461 2704 ἕκαστον
484 2640 551 2703 τῶν
575 2635 756 2724 βαρβάρων
779 2633 799 2723 ἢ
825 2642 892 2705 τῶν
911 2635 1084 2724 Ἑλλήνων
1107 2636 1316 2724 ἠγωνίζοντο.

247 2747 492 2812 Observandum
512 2751 561 2810 est
580 2747 732 2826 omnibns
756 2747 807 2811 his
833 2749 914 2813 locis
938 2749 1159 2832 praedicatum
1183 2749 1268 2832 quod
1292 2748 1407 2812 dicitur
1430 2749 1463 2810 in

159 2855 332 2919 indicativo
357 2875 435 2918 esse.

249 3241 295 3323 ως
329 3248 361 3312 vi
395 3247 533 3311 relativa
560 3246 595 3310 in
630 3246 800 3311 sententiis
835 3249 870 3311 in
904 3249 1089 3332 parenthesi
1124 3250 1239 3334 positis
1277 3249 1464 3333 saepissime

161 3359 348 3438 usurpatur,
372 3376 508 3438 quarum
532 3353 767 3418 sententiarum
791 3359 944 3439 quattuor
968 3356 1105 3421 discerni
1129 3360 1268 3441 possunt
1291 3378 1419 3441 genera.

251 3463 278 3526 1.
303 3461 470 3526 Sententia
497 3459 720 3544 parenthetica
749 3460 871 3525 indicat
900 3483 962 3543 qua
994 3463 1188 3526 auctoritate
1217 3465 1273 3526 aut
1300 3466 1372 3526 tota
1396 3485 1464 3526 sen-

161 3569 264 3633 tentia
293 3569 447 3652 primaria
480 3571 537 3632 aut
563 3567 632 3632 eius
661 3567 769 3652 aliqua
797 3590 859 3632 vox
894 3569 944 3633 vei
973 3569 1094 3634 locutio
1125 3567 1259 3636 nitatur.
1305 3568 1396 3645 Quod
1425 3570 1465 3634 ad

162 3676 340 3740 sententiae
362 3675 606 3759 parentheticae
637 3675 833 3759 positionem
862 3676 993 3759 attinet,
1020 3677 1183 3741 invenitur
1206 3677 1301 3742 modo
1326 3679 1401 3741 ante
1423 3675 1466 3758 id,

162 3781 255 3847 modo
280 3785 354 3866 post
378 3783 411 3847 id
433 3783 542 3868 posita
566 3782 606 3845 ad
630 3782 715 3866 qnod
739 3783 907 3847 referenda
931 3786 990 3867 est,
1014 3787 1071 3847 aut
1095 3783 1122 3846 si
1147 3782 1186 3846 ad
1210 3786 1312 3846 totam
1338 3785 1464 3846 senten-

160 3888 241 3952 tiam
266 3890 317 3955 vel
340 3891 535 3956 locutionem
566 3889 721 3973 pertinet,
748 3913 812 3954 non
842 3913 915 3954 raro
945 3891 1042 3954 etiam
1066 3891 1099 3954 in
1124 3913 1194 3954 cam
1218 3890 1349 3955 inserta.
1394 3888 1465 3965 Quo

163 3997 323 4060 sententia
347 3995 570 4080 parenthetica
590 3999 720 4080 spectet,
740 4019 813 4061 cum
837 3998 898 4062 hac
918 3997 955 4061 de
978 4018 1013 4061 re
1036 4019 1130 4063 nemo
1151 4019 1291 4082 unquam
1314 3997 1348 4060 in
1368 3996 1465 4060 dubio

162 4124 232 4166 esse
256 4104 373 4187 possit,
401 4104 542 4168 indicare
567 4102 702 4188 singulis
730 4102 810 4167 locis
833 4126 899 4169 non
921 4125 1051 4169 necesse
1076 4104 1190 4170 habeo.
1236 4101 1396 4188 Exempla
1418 4105 1466 4168 ita

162 4209 274 4295 digero
298 4214 336 4274 ut
358 4232 551 4295 componam
576 4231 613 4273 ea
636 4231 718 4294 quae
741 4209 826 4274 idem
850 4210 1139 4275 verbum'habent.

251 4315 277 4400 I,
288 4315 338 4380 65.
354 4310 398 4393 ὡς
414 4309 441 4379 d
445 4311 541 4379 αὐτοὶ
553 4309 812 4398 Λακεδαιμόνιοι
827 4316 971 4399 λέγουσι.
995 4316 1057 4380 Hic
1072 4322 1104 4380 et
1118 4317 1228 4380 multis
1245 4316 1317 4381 aliis
1333 4316 1413 4381 locis
1427 4355 1464 4363 —

164 4445 245 4508 quos
256 4445 369 4488 omnes
378 4420 525 4487 Cavallin
537 4421 570 4504 (l.
581 4421 600 4484 1.
611 4443 663 4504 pp.
674 4421 726 4504 63,
736 4417 793 4506 65)
805 4423 935 4508 collegit
945 4427 1041 4508 atque
1057 4425 1176 4508 optime
1185 4423 1339 4488 tractavit
1348 4461 1384 4469 -
1393 4429 1468 4508 post

164 4529 360 4594 sententiam
385 4528 639 4613 parentheticam
663 4526 843 4592 infinitivus
867 4530 899 4593 in
925 4532 1086 4595 sententia
1109 4530 1265 4614 primaria
1289 4530 1466 4595 adhibetur.

256 4692 281 4758 1)
301 4688 342 4742 De
360 4688 502 4743 locutione
520 4684 555 4742 τὰ
574 4686 628 4742 νῦν
646 4684 714 4740 τάδε
735 4684 783 4740 cfr.
802 4686 923 4742 Ktihner.
952 4707 978 4757 p.
995 4694 1055 4755 556,
1075 4694 1099 4743 6.
